3660 5850
789 386 880 445 1494.
1525 385 1558 437 m

108 601 208 662 oculis
231 601 348 679 lynceis
372 603 503 679 inspicit,
527 603 558 662 in
581 603 647 661 suis
669 599 755 680 talpa
778 599 845 663 est?
876 601 905 662 ls
929 599 1081 679 profecto,
1111 603 1166 678 qui
1190 602 1270 661 inter
1293 612 1397 661 scorta
1421 601 1560 660 meretri-

107 705 260 783 culasque
287 726 305 765 a
336 706 469 784 pueritia
495 715 645 778 versatur,
670 707 699 765 in
730 707 819 766 cuius
850 704 950 766 domo
977 704 1105 783 pellices
1133 724 1195 765 una
1225 723 1297 765 cum
1326 702 1560 765 matrefamilias

107 809 241 890 degunt;
275 811 329 889 qui
359 807 443 870 adeo
474 807 664 870 mulierculis
695 807 835 883 afficitur,
866 819 902 870 ut
931 810 1011 870 inter
1040 827 1095 871 eas
1124 807 1342 889 philosophari
1353 803 1392 888 ⁴⁴)
1428 826 1559 887 quoque

107 911 272 990 pulchrum
304 921 408 990 putet;
441 914 474 986 is,
505 913 635 993 inquam
666 910 763 993 (adeo
794 912 953 992 pudorem
984 913 1273 992 verecundiamque
1304 931 1434 973 omnem
1457 914 1557 985 exuit)

108 1015 270 1077 libidinem
300 1014 455 1078 ecclesiae
484 1017 670 1094 exprobrat.
709 1015 773 1079 Sed
804 1027 909 1092 restat
941 1027 977 1079 ut
1006 1017 1048 1079 de
1082 1019 1307 1097 superstitione
1341 1016 1493 1089 dicamus,
1527 1027 1559 1078 et

106 1140 180 1182 eum
190 1116 233 1202 ⁴⁵)
257 1139 322 1183 non
345 1122 602 1198 superstitiosum
625 1121 683 1183 sed
706 1120 801 1201 plane
823 1120 1029 1204 irreligiosum
1040 1118 1082 1199 ⁴⁶)
1106 1120 1329 1196 ostendamus;
1359 1122 1479 1200 quippe
1505 1122 1559 1199 qui

107 1244 212 1305 neque
235 1225 420 1286 christianae
443 1244 548 1304 neque
577 1227 714 1304 cuipiam
744 1224 832 1286 alteri
863 1225 1005 1309 religioni
1035 1227 1224 1307 astringitur,
1255 1224 1312 1286 sed
1343 1227 1434 1306 quasi
1456 1243 1559 1286 novus

106 1326 265 1391 Arcesilas
288 1340 342 1391 aut
365 1327 547 1391 Carneades
571 1332 678 1391 omnia
702 1332 821 1391 incerta
844 1350 914 1392 esse
937 1331 1114 1403 arbitratur,
1137 1348 1203 1392 non
1227 1329 1435 1403 dubitaturus
1457 1331 1487 1389 ni
1505 1330 1559 1389 im·

106 1445 218 1510 petum
240 1433 351 1512 populi
374 1444 540 1507 vereretur,
563 1434 678 1497 inferos
702 1454 900 1515 superosque
924 1454 1048 1517 negare.
1073 1433 1208 1513 Quoties
1231 1435 1314 1495 enim
1331 1445 1461 1496 sanctos
1476 1433 1560 1494 blas-

106 1536 257 1615 phemat?
280 1537 416 1617 Quoties
439 1537 480 1599 de
503 1541 547 1599 eis
564 1539 648 1599 male
663 1539 819 1618 loquitur?
842 1537 977 1617 Quoties
993 1541 1142 1618 mysteria
1158 1537 1375 1617 sacrificiaque
1390 1537 1559 1600 christiana

104 1640 232 1703 irridet?
256 1641 330 1703 Huc
352 1661 467 1703 nervos
483 1641 686 1722 eloquentiae
701 1663 779 1705 suae
795 1644 937 1719 intendit,
960 1646 991 1705 in
1007 1643 1069 1705 hoc
1084 1661 1199 1725 genere
1214 1662 1330 1704 causae
1346 1638 1558 1722 declamat,⁴⁷)

104 1744 154 1805 hic
177 1763 212 1806 se
235 1748 376 1806 maxime
406 1758 542 1808 exercet.
582 1745 654 1807 Non
688 1767 739 1808 me
770 1750 828 1809 ista
860 1747 978 1830 fingere
1006 1746 1149 1827 plerique
1171 1756 1270 1808 testes
1293 1756 1374 1819 sunt,
1405 1747 1460 1826 qui
1482 1745 1559 1806 mihi

105 1848 243 1911 hominis
274 1869 380 1911 mores
410 1870 644 1931 saepenumero
668 1871 734 1912 non
760 1864 926 1914 narrarunt
959 1864 1092 1926 tantum,
1122 1851 1180 1913 sed
1210 1853 1307 1913 etiam
1336 1850 1559 1929 depinxerunt.

104 1952 146 2013 Et
169 1957 309 2034 queritur
332 1953 372 2016 de
395 1958 620 2033 superstitione
643 1968 675 2017 et
697 1958 869 2035 impietate,
892 1958 946 2037 qui
969 1975 1075 2018 veram
1100 1956 1284 2037 religionem
1300 1966 1331 2016 et
1347 1958 1499 2033 pietatem
1518 1973 1558 2014 ne

103 2057 297 2119 somniando
320 2059 452 2137 quidem
475 2079 618 2139 unquam
641 2062 798 2142 cognovit.
836 2057 1012 2122 Confirmat
1043 2072 1150 2122 autem
1174 2062 1337 2121 scientiam
1360 2077 1451 2120 suam
1475 2060 1559 2120 testi·

104 2162 216 2222 monio
238 2181 280 2223 ex
303 2162 431 2242 hymnis
450 2161 582 2224 Aeneae
604 2176 742 2243 sumpto.
767 2163 974 2243 Quamquam
997 2176 1106 2226 autem
1129 2167 1184 2225 vix
1205 2163 1395 2226 crediderim
1411 2160 1557 2224 Aeneam

103 2264 245 2344 hymnos
268 2269 429 2347 scripsisse
452 2265 579 2351 (parum
602 2271 687 2330 enim
710 2269 806 2331 studii
828 2288 1010 2348 operaeque
1040 2271 1084 2329 vir
1112 2269 1162 2330 ille
1192 2269 1222 2328 in
1250 2268 1393 2328 versibus
1423 2286 1558 2345 compo·

103 2368 217 2431 nendis
239 2372 353 2449 posuit,
377 2383 409 2434 et
431 2375 456 2433 si
480 2373 557 2452 quid
581 2375 612 2434 in
635 2393 676 2435 eo
691 2392 807 2455 genere
823 2376 952 2452 scripsit,
976 2374 1008 2435 id
1025 2373 1167 2435 Basileae
1183 2372 1331 2434 incendio
1348 2372 1557 2450 absumptum

103 2474 199 2533 fuisse
222 2475 263 2535 ab
286 2473 341 2548 h'u,
365 2477 419 2554 qui
435 2479 531 2537 vitam
548 2479 615 2539 eius
638 2482 838 2557 scripserunt,
861 2475 1019 2559 traditurl:
1031 2473 1074 2560 48)
1092 2478 1206 2540 demus
1223 2489 1330 2538 tamen
1348 2475 1409 2536 hoc
1425 2475 1556 2548 homini,

103 2587 138 2637 ut
162 2576 323 2660 intelligat,
347 2597 446 2658 quam
469 2600 579 2642 secum
602 2581 770 2643 liberaliter
791 2585 924 2665 agimus,
948 2595 978 2643 et
1003 2594 1150 2660 petamus
1173 2583 1307 2643 vicissim
1332 2583 1397 2641 iure
1413 2580 1557 2641 humani-

105 2683 179 2742 tatis
208 2683 251 2742 ab
280 2702 329 2757 eo,
359 2702 399 2744 ne
427 2686 480 2745 uni
508 2688 579 2748 testi
610 2686 739 2748 credere
769 2685 1016 2766 compellamur;
1048 2698 1079 2747 et
1107 2688 1131 2747 si
1155 2685 1230 2764 quid
1254 2686 1319 2745 sive
1342 2682 1470 2745 Aeneas
1492 2685 1557 2745 sive

105 2786 278 2864 quisalius
301 2783 496 2867 lascivius⁴⁹l
526 2791 784 2869 petulantiusque
806 2793 963 2869 scripserit
983 2800 1038 2852 aut
1062 2790 1185 2862 dixerit,
1216 2790 1365 2850 scientiae
1388 2808 1465 2850 suae
1489 2799 1557 2850 tan·

104 2909 204 2967 quam
234 2892 362 2952 arbitrio
370 2887 411 2974 ⁶⁰)
438 2905 528 2967 stare,
560 2894 824 2974 quandoquidem
855 2905 886 2955 et
914 2892 1129 2975 Augustinum
1160 2912 1225 2953 non
1256 2891 1371 2972 puduit
1405 2892 1558 2972 pleraque

104 2997 135 3055 in
158 2994 373 3058 voluminibus
396 2999 460 3059 suis
484 3009 660 3060 retractare.
683 2998 809 3078 Quodsi
831 2997 962 3060 Aeneae
985 3010 1110 3060 tantum
1134 2999 1248 3071 tribuit,
1280 3017 1335 3059 cur
1359 2995 1556 3075 Hieronymi,

101 3097 275 3172 Ambrosii,
302 3100 457 3185 Gregorii,
488 3102 606 3178 Hilarii,
637 3103 809 3165 Bernhardi
834 3102 1065 3184 Anshelmique
1098 3103 1279 3164 testimonia
1313 3121 1378 3161 non
1409 3100 1556 3171 admittit,

103 3223 188 3283 quae
211 3207 242 3265 in
266 3204 413 3268 laudibus
435 3209 586 3269 ecclesiae
609 3208 802 3287 personant?
841 3208 907 3270 Nisi
936 3208 1076 3270 fortassis
1099 3206 1229 3269 Aeneae
1258 3207 1433 3269 authoritas
1456 3206 1557 3265 maior

101 3319 151 3368 est
173 3327 272 3389 quam
295 3329 415 3385 eorum,
439 3331 522 3392 quos
545 3312 645 3375 modo
669 3312 838 3387 nominavi,
869 3314 923 3392 qui
947 3331 1061 3374 omnes
1084 3323 1231 3391 tempora
1254 3310 1407 3389 Sylvestri
1428 3310 1556 3388 sequuti

101 3423 183 3472 sunt.
207 3409 306 3491 Quod
329 3413 403 3476 ideo
420 3414 495 3490 dixi,
519 3435 560 3476 ne
575 3416 791 3478 calumniandi
805 3419 1008 3478 occasionem
1023 3436 1065 3477 ex
1081 3417 1144 3478 hoc
1160 3417 1232 3478 loco
1247 3424 1360 3476 sumat.
1384 3411 1555 3477 Caeterum

102 3514 261 3597 fingamus
284 3536 361 3579 sane
384 3519 614 3583 ecclesiasticos
648 3523 803 3601 principes
833 3521 936 3583 malos
966 3540 1053 3596 esse;
1084 3541 1159 3582 narn
1190 3531 1221 3581 et
1244 3523 1312 3600 ipse
1335 3538 1465 3599 quoque
1488 3538 1554 3579 non

101 3623 210 3681 omnia
225 3621 257 3682 in
273 3623 424 3684 omnibus
440 3625 553 3702 probo,
570 3643 676 3703 neque
693 3635 801 3685 tamen
819 3643 908 3684 more
924 3623 1091 3686 adversarii
1106 3622 1201 3708 (proh
1213 3624 1310 3686 deum
1323 3624 1554 3702 hominumque

101 3721 228 3807 fideml)
252 3725 410 3801 exclamo,
432 3728 491 3789 sed
514 3730 621 3807 potius
644 3732 805 3802 misereor,
829 3748 946 3807 nempe
969 3731 1023 3809 qui
1047 3732 1112 3790 scio
1135 3739 1167 3790 et
1190 3731 1221 3789 in
1245 3728 1336 3789 coelo
1360 3740 1391 3790 et
1415 3729 1444 3787 in
1466 3747 1554 3806 para-

100 3825 170 3890 diso
195 3841 363 3908 peccatum
394 3833 566 3905 inventum,
596 3842 627 3892 et
647 3831 764 3914 Judam
793 3851 893 3893 unum
920 3852 963 3893 ex
993 3833 1165 3895 duodecim
1188 3832 1343 3912 apostolis
1366 3833 1472 3893 fuisse:
1497 3830 1555 3892 fin-

98 3951 214 4013 gamus
247 3945 355 3996 tamen
388 3937 519 4016 inquam
554 3934 723 4016 plerosque
750 3935 844 3998 fuisse
875 3948 937 4011 aut,
971 3940 997 3998 si
1031 3940 1073 3999 ita
1104 3937 1301 3998 adversarius
1333 3936 1406 4011 vult,
1440 3954 1553 3997 omnes

99 4048 248 4116 corrupte
270 4040 448 4119 vitioseque
471 4041 582 4112 vivere,
612 4059 689 4101 num
720 4052 889 4119 propterea
920 4038 1167 4120 potestatem⁵¹y
1190 4061 1209 4102 a
1232 4040 1364 4102 domino
1387 4052 1552 4118 acceptam

98 4142 293 4205 amiserunt?
315 4142 458 4206 Periculo
482 4155 566 4205 certe
589 4165 649 4205 suo
673 4146 757 4206 male
779 4157 951 4224 operantur
973 4156 1004 4206 et
1028 4165 1087 4207 suo
1104 4145 1237 4207 domino
1254 4157 1337 4208 stant
1355 4156 1409 4208 aut
1425 4144 1552 4220 cadunt,

98 4265 205 4326 neque
227 4246 379 4308 sacrificia
409 4250 451 4309 ab
482 4247 531 4309 his
560 4253 823 4323 contaminantur,
854 4248 911 4310 sed
941 4249 1100 4311 duntaxat
1132 4268 1166 4309 se
1193 4247 1314 4328 pollute
1345 4249 1553 4311 tractantibus

97 4352 271 4428 perniciem
294 4351 440 4416 afferunt.
472 4352 577 4415 Malus
600 4365 665 4416 erat
689 4350 835 4433 Caiphas,
859 4353 915 4414 sed
939 4354 1014 4434 quia
1037 4354 1181 4432 pontifex
1204 4355 1276 4413 anni
1301 4353 1388 4426 illius
1416 4352 1552 4433 prophe·

97 4457 183 4517 tavit.
207 4454 367 4519 Dominus
390 4477 522 4538 quoque
552 4459 582 4518 in
612 4458 777 4539 evangelio
806 4477 846 4518 eo
877 4458 959 4532 loco,
989 4458 1044 4518 ubi
1074 4459 1128 4519 ait:
1157 4477 1387 4538 »quaecunque
1417 4456 1553 4519 dixerint

190 4695 222 4762 ⁴⁴)
240 4697 268 4747 M
287 4696 399 4750 versari.

187 4780 220 4850 ⁴⁵)
240 4783 268 4834 M
287 4784 361 4837 dum.

187 4868 219 4951 ‘fl
238 4871 265 4922 M
284 4888 318 4922 ne
338 4871 498 4937 religiosum
518 4871 638 4939 quidem.

188 4955 219 5023 Η)
239 4958 266 5009 Μ
285 4958 415 5011 declarat.

187 5043 219 5110 ⁴¹)
238 5045 265 5095 M
285 5045 471 5098 contenditur.

187 5129 218 5196 ⁴⁹)
239 5131 266 5181 M
285 5130 416 5183 calamus.

186 5214 219 5282 Μ)
237 5216 261 5267 Κ
280 5215 383 5270 arbitri.

186 5300 219 5369 51)
238 5304 265 5355 Μ
283 5304 425 5371 pietatem.
