3660 5850
870 378 963 438 1502.
1593 378 1644 433 135

191 591 416 652 decernentem
440 591 497 652 sed
521 594 610 671 quasi
633 594 770 653 anticum
802 603 967 673 rogantem
1000 593 1298 672 obsecrantemque,
1331 603 1363 654 ut
1386 595 1644 655 contentionibus

190 697 245 769 his,
269 695 374 757 donec
397 695 519 758 radices
541 708 644 777 agant,
668 699 798 758 abiectis
814 699 1052 776 quamprimum
1075 697 1167 757 amici
1190 697 1263 758 sitis,
1285 694 1370 758 Estis
1393 699 1478 758 enim
1501 696 1644 760 eiusdem

191 802 338 874 nationis
360 801 391 860 in
414 799 528 861 eadem
552 801 631 862 urbe
647 801 700 862 alti
716 799 914 879 educatique,
938 803 969 861 in
992 800 1107 861 eadem
1131 810 1294 879 praeterea
1318 801 1449 863 instituti
1473 800 1645 863 academia.

191 904 292 966 Multa
323 907 418 966 etiam
448 902 495 987 (ut
524 901 634 986 audio)
666 904 857 967 familiaritas
887 907 967 967 inter
996 925 1054 966 vos
1077 905 1142 979 suit,
1177 905 1277 966 multa
1307 904 1535 967 beneficiorum
1562 905 1644 966 ultro

190 1012 334 1090 citroque
364 1008 556 1070 collatorum
586 1009 782 1083 vicissitud0‚
816 1028 900 1088 quae
930 1010 1038 1070 omnia
1070 1020 1237 1071 momento
1271 1011 1424 1087 temporis
1457 1011 1645 1093 extinguere

187 1123 284 1194 atque
307 1112 413 1174 delere
428 1115 480 1174 vix
496 1112 703 1191 providorum
727 1123 824 1193 atque
846 1115 1027 1191 sapientum
1049 1125 1106 1175 est.
1130 1112 1217 1174 Dura
1232 1123 1307 1174 sunt
1323 1113 1453 1174 forsitan
1476 1111 1565 1187 haec,
1588 1114 1645 1174 sed

190 1218 276 1278 malo
299 1219 436 1299 ingenue
459 1227 632 1298 aperteque
662 1228 769 1279 tecum
799 1236 893 1299 agere
915 1227 947 1278 et
969 1218 1062 1279 amici
1091 1218 1234 1278 animum
1261 1214 1403 1278 mordaci
1426 1215 1537 1278 radere
1559 1236 1644 1290 ver0,

189 1340 287 1400 quam
310 1341 329 1382 a
357 1332 447 1403 tergo
477 1322 617 1382 ciconiae
648 1332 785 1383 rostrum
813 1331 867 1382 aut
897 1322 984 1382 aselli
1015 1320 1169 1382 auriculas
1192 1330 1367 1395 ostentare;
1390 1338 1578 1400 precorque,
1602 1332 1644 1395 ut,

189 1444 271 1504 quae
295 1426 408 1498 scribo,
432 1427 462 1485 in
487 1426 607 1485 bonam
630 1436 753 1503 partem
769 1425 914 1504 accipias,
937 1443 1042 1504 neque
1066 1425 1123 1485 tibi
1145 1423 1251 1487 solum
1274 1425 1483 1485 verumetiam
1506 1422 1644 1486 Martino

190 1530 304 1608 scripta
326 1531 496 1590 existimes
535 1525 634 1606 Quod
663 1528 705 1590 ad
734 1548 842 1591 versus
865 1538 940 1591 tuos
962 1529 1082 1602 attinet,
1117 1530 1197 1590 scito
1220 1547 1286 1590 non
1312 1547 1382 1590 esse
1405 1526 1643 1589 consuetudinis

190 1651 280 1693 meae
303 1644 359 1694 aut
382 1634 493 1694 imitari
517 1651 582 1706 eos,
613 1635 665 1712 qui
696 1635 728 1694 in
758 1632 825 1694 aliis
853 1633 1004 1712 operibus
1034 1632 1143 1710 lynces
1166 1650 1373 1712 capreaeque,
1396 1634 1427 1692 in
1450 1633 1515 1692 suis
1538 1631 1644 1709 talpae

188 1747 269 1811 sunt,
292 1748 347 1798 aut
370 1755 556 1817 quenquam
572 1736 835 1815 reprehendendo
851 1736 927 1798 mihi
939 1735 1073 1819 gloriam
1096 1755 1256 1816 quaerere.
1270 1735 1384 1816 Neque
1403 1736 1538 1797 arbitror
1560 1734 1644 1797 Mar-

190 1843 291 1902 tinum
324 1860 430 1901 meum
458 1842 631 1920 quicquam
661 1840 845 1903 huiusmodi
875 1840 917 1903 de
948 1859 1000 1901 me
1028 1839 1196 1919 loquutum
1227 1857 1306 1912 esse,
1337 1837 1468 1919 quando
1492 1837 1540 1899 vel
1563 1858 1644 1912 mea,

189 1964 287 2024 quam
311 1947 397 2018 citas,
420 1944 556 2023 epistola
579 1943 668 2006 facile
691 1944 837 2018 ostendit,
868 1943 957 2024 quod
981 1945 1020 2006 sit
1042 1962 1151 2004 meum
1178 1942 1220 2005 de
1249 1954 1281 2004 te
1304 1945 1560 2022 carminibusque
1582 1945 1644 2005 tuis

188 2049 348 2110 iudicium.
373 2047 533 2129 Cuperem
556 2049 646 2127 plura
669 2051 813 2122 scribere,
830 2048 969 2109 sednon
986 2059 1035 2109 est
1054 2047 1131 2109 mihi
1153 2046 1217 2109 boc
1239 2056 1384 2126 tempore
1407 2047 1518 2120 otium,
1541 2065 1645 2126 quon·

188 2155 252 2213 iam
283 2153 457 2214 sarcinulas
485 2172 596 2214 versus
626 2152 823 2214 Pannoniam
855 2151 979 2233 colligo,
1010 2161 1042 2212 et
1065 2150 1216 2231 perendie
1246 2150 1318 2213 illuc
1340 2150 1538 2230 prolecturus
1561 2169 1642 2213 sum.

191 2256 272 2317 Vale
295 2268 328 2318 et
351 2275 412 2330 me,
436 2267 470 2318 ut
493 2258 635 2337 coepisti,
658 2256 761 2339 dilige.
785 2255 861 2317 Maii
883 2254 937 2317 XI.

276 2443 424 2496 Ponevadi
442 2445 556 2496 vrocenl
580 2443 644 2497 listu
670 2445 775 2496 nabebo
791 2443 845 2511 jest
863 2443 940 2496 zcela
964 2443 1113 2511 bezpetne,
1140 2443 1211 2496 musl
1231 2441 1289 2511 byti
1308 2442 1434 2496 roztrilra
1453 2441 1523 2495 mezi
1543 2442 1643 2495 obema

186 2531 278 2592 starsi
297 2529 349 2583 nei
367 2530 476 2597 uvadlji
492 2530 553 2598 jinl,
571 2531 705 2583 kladouce
721 2529 741 2598 ji
761 2547 797 2583 na
814 2547 835 2583 r.
850 2529 924 2582 1501.
943 2529 1024 2582 Toho
1042 2529 1110 2582 rolru
1129 2528 1212 2597 nebyl
1228 2528 1265 2595 jit
1287 2528 1393 2581 Polliclr
1413 2547 1430 2581 v
1448 2528 1561 2598 Lipslru,
1580 2536 1642 2581 stav

187 2635 218 2669 se
238 2634 274 2669 na
293 2616 367 2669 zimu
388 2616 455 2668 1502
479 2618 586 2686 prvnlm
612 2618 748 2671 relrtorem
774 2618 846 2669 nove
871 2616 978 2669 zlizene
1007 2615 1160 2683 university
1184 2613 1400 2668 Wittenberslre.
1425 2613 1568 2683 Wimpina
1589 2615 1642 2684 palt

188 2721 206 2754 v
225 2702 285 2755 teie
305 2704 436 2757 bodnosti
455 2704 544 2757 dostal
562 2722 592 2756 se
611 2722 631 2756 r.
649 2703 716 2756 1506
735 2704 771 2755 do
789 2702 953 2756 Frankfurtu
973 2702 1027 2755 uad
1047 2703 1167 2755 Oderou.
1186 2703 1278 2755 Tento
1296 2703 1393 2770 patrae
1412 2700 1534 2754 steioval
1553 2701 1576 2754 si
1596 2701 1641 2770 byl

188 2791 336 2843 zvlastnlm
361 2790 452 2843 listem
476 2791 662 2844 Bohuslavovi
688 2807 724 2843 na
749 2790 881 2852 Pollicha‚
899 2791 951 2853 ale,
967 2789 1013 2857 jalr
1040 2788 1168 2857 odpoved
1190 2788 1331 2857 dolrazuje,
1356 2787 1442 2841 hrube
1467 2788 1641 2857 nepochodil.

189 2877 274 2929 Podle
294 2877 400 2929 nabebo
419 2876 483 2930 listu
502 2877 628 2931 stehoval
647 2895 677 2930 se
696 2878 836 2929 Bohuslav
857 2874 896 2929 13.
917 2876 1019 2929 livetna
1039 2875 1105 2928 1502
1126 2876 1159 2929 lre
1178 2876 1265 2929 dvoru
1284 2877 1320 2929 do
1339 2875 1458 2928 Budlna.

892 3178 941 3239 98.

493 3314 713 3389 Bohuslav
742 3314 992 3388 Bernhardu
1021 3311 1343 3386 Adelmannovi.

277 3483 297 3538 Ζ
318 3483 418 3539 Budlna
436 3484 572 3550 (1502)-
588 3485 605 3539 Ι.
625 3498 717 3554 srpna.
745 3484 857 3538 Odmlta
882 3485 948 3554 dllry
966 3485 1033 3538 sobe
1058 3484 1172 3546 vzdane,
1193 3483 1236 3551 jsa
1254 3484 1303 3551 pry'
1322 3482 1390 3550 jeste
1414 3482 1494 3550 vellry'
1519 3481 1643 3543 dlulnllr;

189 3571 195 3622 i
222 3568 347 3638 vypisuje
379 3568 453 3622 livot
477 3569 536 3636 svttj
560 3569 600 3638 pli
620 3571 704 3623 dvole
728 3588 744 3623 a
765 3570 812 3624 lici
836 3579 953 3639 panstvo
981 3571 1108 3633 uberslr6‚
1136 3570 1260 3624 clrkevnl
1288 3569 1457 3623 hodnostaie
1482 3569 1642 3622 adrobnou

187 3657 307 3719 slechtu‚
326 3656 451 3709 ltonecne
471 3657 575 3709 slabost
594 3657 714 3711 krttovu.
734 3659 825 3711 Pouze
845 3665 922 3711 tomu
941 3676 971 3711 se
990 3659 1051 3722 tesi,
1071 3658 1102 3711 ie
1122 3675 1139 3709 v
1159 3657 1272 3711 Ubrlrch
1291 3658 1368 3709 nasel
1388 3656 1492 3708 mnoho
1514 3656 1642 3724 udeny'clr

188 3744 280 3805 mutu,
300 3761 313 3794 s
332 3742 417 3795 nimii
435 3744 483 3795 rad
503 3743 610 3811 obcuje.
629 3744 708 3810 (Luc.
728 3744 791 3807 libb,
811 3744 960 3813 Vinaliclry
978 3745 1031 3812 56.)

285 3919 474 3982 Bernhardo
497 3918 704 3982 Adelmanno
728 3941 751 3982 s.
774 3942 803 4001 p.
828 3921 857 3981 d.
896 3921 1022 3983 Literae
1045 3932 1119 3982 tuae
1143 3920 1197 3982 diu
1220 3921 1440 4002 peregrinatae
1462 3910 1545 3993 sunt,
1568 3937 1643 3979 nam

185 4024 241 4087 ΧΙ.
266 4023 342 4085 Maii
366 4024 461 4086 datae
484 4027 538 4085 vix
561 4024 692 4086 tandem
716 4024 828 4087 Budae
844 4024 913 4086 Vll.
930 4021 994 4087 Cal.
1010 4024 1148 4107 Augusti
1172 4034 1356 4105 repererunt
1378 4042 1439 4098 me,
1457 4033 1489 4084 et
1512 4022 1642 4102 quidem

186 4128 331 4191 nonnihil
346 4127 481 4189 adversa
494 4126 676 4189 valetudine
695 4128 906 4191 laborantem.
930 4129 1077 4190 Innatum
1101 4140 1148 4191 est
1170 4130 1256 4188 enim
1272 4127 1337 4188 lere
1352 4127 1503 4189 omnibus
1519 4137 1642 4188 nostra-

184 4233 283 4305 tibus,
299 4241 333 4292 ut
356 4231 449 4292 huius
472 4233 552 4293 aeris
576 4233 796 4311 intemperiem
813 4235 865 4293 vix
888 4232 968 4294 serre
990 4235 1122 4313 possint.
1145 4231 1224 4314 Agis
1247 4232 1322 4293 mihi
1341 4235 1466 4313 gratias,
1482 4242 1642 4292 caeterum

185 4356 250 4419 ego
268 4354 334 4397 non
357 4354 430 4397 sum
454 4335 529 4396 mihi
553 4337 631 4397 tanti
653 4338 684 4396 in
708 4348 739 4397 te
762 4338 864 4398 meriti
887 4340 1043 4410 conscius,
1063 4347 1097 4397 ut
1121 4337 1222 4398 verbis
1245 4347 1311 4396 tam
1334 4334 1510 4418 magnificis
1526 4335 1642 4417 gratias

184 4454 218 4503 te
243 4440 320 4500 mihi
341 4457 437 4521 agere
461 4450 624 4519 oporteat;
652 4459 769 4520 nempe
792 4444 817 4503 si
842 4452 952 4503 mutua
975 4452 1082 4502 nostra
1111 4439 1316 4503 beneficiam
1340 4451 1458 4503 statera
1481 4437 1642 4519 appende-

185 4553 304 4617 rentur,
328 4562 400 4603 mea
423 4544 476 4603 vix
498 4544 706 4604 centesimam
730 4555 858 4606 tuorum
881 4556 1005 4624 partem
1029 4545 1222 4624 aequabunt.
1255 4543 1473 4605 Alchoranum
1497 4543 1642 4604 noudum

184 4646 259 4720 vidi,
290 4647 452 4709 nesciebat
482 4648 568 4706 enim
595 4646 737 4728 Joannes
764 4647 887 4720 lu·H0l,
918 4648 1021 4709 hucne
1052 4668 1092 4709 an
1123 4651 1154 4709 in
1184 4650 1318 4728 patriam
1349 4666 1423 4708 eum
1454 4646 1530 4708 mibi
1561 4647 1642 4708 mitti

184 4752 290 4813 velim.
323 4749 422 4830 Quod
451 4749 493 4812 ad
521 4771 573 4812 me
604 4755 723 4826 attinet,
746 4772 856 4813 versor
886 4752 936 4813 hic
966 4755 1046 4814 inter
1075 4752 1195 4813 aulicos
1226 4763 1491 4831 purpuratosque,
1515 4751 1640 4814 honoro

184 4855 276 4928 alios,
288 4853 431 4916 honoror
446 4867 477 4917 et
493 4856 568 4933 ipse,
581 4855 705 4917 arrideo
721 4856 939 4936 arrideturque
955 4856 1039 4917 mihi.
1057 4856 1146 4917 Haec
1162 4876 1202 4917 an
1218 4859 1280 4916 mei
1296 4856 1452 4918 stomachi
1467 4858 1538 4929 sint,
1553 4853 1642 4916 facile

186 4959 371 5021 existimare
390 4968 499 5037 potes;
523 4970 609 5019 certe
632 4979 742 5038 pauca,
760 4978 843 5038 quae
866 4960 1010 5038 probem,
1026 4960 1077 5020 hic
1099 4962 1232 5033 invenio,
1248 4971 1279 5020 et
1295 4959 1473 5021 saeculares
1487 4959 1642 5021 feritatem

186 5064 301 5147 gentis,
324 5061 410 5123 unde
440 5061 565 5123 oriundi
595 5073 678 5136 sunt,
701 5063 855 5136 redolent,
880 5062 954 5123 loris
984 5062 1102 5136 blandi,
1125 5064 1210 5124 intus
1239 5062 1324 5141 pleni
1352 5062 1430 5124 dolo
1453 5072 1485 5123 et
1507 5060 1640 5142 perfidia

187 5185 259 5228 esse
289 5165 444 5228 dicuntur.
481 5164 693 5228 Ecclesiastici
722 5167 862 5228 crebrius
892 5164 934 5227 de
963 5167 1103 5228 nummis
1132 5185 1230 5245 quam
1260 5165 1302 5227 de
1331 5165 1424 5228 coelo
1455 5165 1638 5245 loquuntur,

187 5270 382 5350 saepiusque
404 5268 568 5332 Nemesim
598 5282 630 5333 et
652 5269 787 5333 Laidem
817 5289 915 5350 quam
937 5267 1097 5332 Christum
1127 5271 1158 5331 iu
1180 5289 1236 5332 ore
1258 5270 1387 5345 habent,
1409 5269 1564 5353 quodque
1586 5269 1640 5330 vix
