3660 5850
188 359 224 413 20
867 362 959 422 1488.

184 576 210 635 si
232 572 358 636 efficere
373 593 494 654 posses,
518 585 552 636 ut
569 575 644 636 mihi
661 575 824 650 vendatur,
849 597 968 659 magno
988 597 1041 638 me
1056 578 1112 640 tibi
1135 576 1291 639 beneficio
1314 577 1496 640 devincires.
1521 575 1637 657 Neque

184 678 306 752 dubit0,
329 698 412 758 quae
435 690 489 741 tua
512 689 559 742 est
582 680 670 758 apud
699 679 879 742 Basstinum
908 683 1068 755 autoritas,
1097 685 1181 761 quin,
1209 684 1235 742 si
1262 679 1426 760 paululum
1457 680 1558 743 adniti
1580 702 1637 743 vo-

184 781 287 854 lueris
319 803 370 844 me
398 786 463 845 voti
491 795 676 863 compotem
699 783 880 847 redditurus
902 788 952 847 sis.
990 784 1105 865 Neque
1135 786 1191 847 tibi
1220 784 1288 855 soli,
1311 784 1368 845 sed
1391 787 1490 846 etiam
1512 786 1638 863 optimo

185 887 225 947 illi
248 889 323 961 seni,
354 906 450 966 quem
478 906 540 968 ego
568 890 652 949 iusto
680 888 720 949 illi
743 886 885 951 Simeoni
912 888 1105 951 simillimum
1133 888 1330 963 crediderim,
1357 887 1531 967 plurimum
1560 887 1638 951 obli·

184 992 295 1071 gabor,
318 993 343 1052 si
366 991 439 1053 huic
461 991 620 1053 desiderio
644 1011 718 1053 meo
741 994 955 1072 qualicunque
984 994 1116 1055 tandem
1147 994 1253 1072 precio
1282 1012 1405 1054 morem
1428 994 1570 1073 gesserit.
1604 991 1638 1055 Si

184 1108 292 1156 tamen
316 1096 394 1156 haec
417 1094 564 1158 Basstino
580 1095 745 1174 displicere
768 1098 968 1172 intellexeris,
992 1097 1095 1170 facito,
1112 1108 1147 1159 ut
1163 1097 1400 1177 quamprimum
1423 1098 1639 1159 obmutescas.

184 1198 321 1260 Animus
344 1201 428 1260 enim
458 1199 533 1261 mihi
561 1210 609 1261 est
636 1200 711 1262 nihil
741 1203 873 1262 omnino
901 1204 1111 1274 committere,
1141 1200 1231 1280 quod
1259 1200 1423 1261 hominem
1452 1202 1639 1279 perturbare

185 1314 303 1383 posset.
327 1302 418 1364 Vale.

272 1491 333 1544 List
351 1498 429 1544 tento
449 1491 567 1559 netiplne
586 1492 773 1560 adressovany·
792 1493 897 1544 svedfil
917 1491 1020 1560 nejspis
1038 1492 1136 1560 Janovi
1155 1492 1361 1555 zDomaslare,
1377 1491 1441 1559 jeni
1460 1491 1505 1560 byl
1529 1492 1637 1544 tenkrdt

186 1578 346 1630 tilednlkem
366 1578 406 1645 pli
426 1578 563 1641 deslrdch;
590 1579 721 1644 zmineny'
746 1579 798 1646 pak
818 1579 920 1645 majitcl
940 1579 1043 1632 datiane
1063 1578 1148 1646 lmihy
1175 1579 1280 1631 Vlrclav
1300 1579 1396 1631 Bastln
1415 1596 1431 1631 z
1450 1578 1572 1631 Libouse
1591 1578 1637 1647 byl

185 1666 360 1717 mlstosudim
387 1665 535 1733 dvorslrylm
561 1664 740 1717 litu-tter.
773 1665 987 1732 Konjekturalne
1015 1665 1141 1717 ldademe
1166 1666 1341 1732 nedrttovany'¹
1367 1682 1384 1717 u
1410 1664 1503 1717 Mitisa
1528 1664 1574 1716 list
1604 1682 1639 1717 na

185 1769 205 1804 r.
228 1751 301 1814 1487,
320 1753 463 1820 ponevadi
482 1753 591 1805 tenlrrrft
609 1753 706 1821 pravnl
725 1753 809 1805 kniha
828 1753 912 1804 deska
926 1752 1083 1804 Bohuslava
1102 1752 1221 1821 nejspise
1241 1753 1334 1805 mohla
1352 1752 1483 1819 zajlmati,
1502 1753 1574 1821 kdyt
1588 1754 1636 1805 zti-

184 1856 254 1892 zena
272 1840 306 1891 od
326 1842 424 1891 snemu
443 1839 560 1892 zvlastni
580 1839 729 1891 kommisse
750 1839 888 1907 ksepsdni
907 1840 973 1907 pralv
992 1855 1008 1890 a
1027 1839 1133 1891 svobod
1152 1839 1304 1906 zemskpctt
1322 1840 1453 1907 (Palaclry
1470 1838 1501 1904 V,
1524 1841 1546 1897 l,
1565 1840 1636 1905 261).

185 1926 284 1988 Kniha‚
304 1920 321 1977 o
340 1926 384 1978 nil
404 1926 590 1979 Bohuslavovi
610 1928 660 1985 blo,
689 1927 757 1979 snad
784 1925 849 1993 byla
868 1926 1064 1983 Roimberslra,
1093 1927 1189 1979 lrterou
1218 1927 1305 1995 posud
1335 1945 1353 1977 v
1371 1928 1492 1979 deslrach
1519 1927 1637 1994 chovajl,

184 2030 200 2064 a
219 2013 294 2065 ktere
307 2014 381 2065 tudil
395 2013 535 2065 Bohuslav
553 2015 661 2066 tenkrat
675 2014 809 2075 nedostal‚
825 2012 907 2080 jakoi
920 2013 1054 2066 sliutedne
1068 2032 1084 2064 v
1098 2014 1227 2080 katalogo
1245 2013 1417 2081 bibliothetty
1432 2013 1635 2068 Hasisteinslre.

186 2100 221 2152 od
241 2099 334 2152 Mitisa
353 2100 531 2168 vytistenem,
550 2118 580 2152 se
600 2100 776 2153 neshledaivd.

891 2402 937 2462 ltt.

610 2540 709 2611 Petr
738 2539 885 2612 Schott
914 2536 1220 2611 Bohuslavovi.

271 2725 309 2782 Ζο
328 2704 492 2782 ἐίηεδιιὰιι
513 2724 579 2781 1488
598 2757 629 2764 -
650 2728 674 2781 5.
695 2729 787 2782 tinore.
806 2727 898 2778 Postu
918 2744 952 2793 po
972 2725 1143 2778 Fridricliovi
1170 2722 1332 2779 Busnerovi.
1359 2721 1412 2790 jejl
1431 2722 1477 2791 byl
1496 2723 1638 2776 Bohuslav

186 2813 317 2864 schvalne
337 2811 353 2863 k
372 2811 518 2864 Schottovi
537 2813 633 2880 poslal,
661 2812 768 2880 sllbeny
787 2813 886 2881 spisek,
911 2813 1088 2880 aponi-vadi
1112 2813 1160 2879 pry'
1186 2828 1202 2861 v
1221 2814 1285 2862 nem
1311 2810 1442 2863 lracilstvl
1468 2810 1591 2862 ceslrr'eho
1609 2827 1638 2862 se

186 2899 322 2961 nedotelrl‚
341 2898 434 2965 varuje
451 2898 487 2965 jej
507 2917 523 2949 v
537 2899 600 2952 listu
619 2900 681 2951 take
701 2901 807 2952 tohot0.
828 2901 891 2952 Divi
911 2917 940 2951 se
959 2911 1037 2951 romu
1056 2916 1072 2950 a
1091 2898 1193 2964 iertuje
1213 2915 1229 2949 o
1245 2905 1312 2960 tom,
1333 2913 1367 2949 co
1385 2898 1497 2965 uslysel
1518 2896 1549 2949 ie
1568 2898 1637 2949 totii

186 2987 325 3038 Bohuslav
345 2986 390 3037 md
406 2985 448 3052 jlti
468 3003 503 3038 na
522 2986 614 3053 vojnu.
633 2988 743 3054 (Schott
762 2986 780 3038 f.
799 2987 857 3038 libb
884 2987 936 3038 Th.
958 2987 1031 3038 Mitis
1051 2985 1233 3053 viivotopise
1252 2985 1467 3050 Bohuslavove.)

273 3179 382 3241 Petrus
412 3179 564 3243 Schottus
595 3180 757 3242 Bohuslao
787 3180 827 3242 de
852 3180 1062 3242 llasseustein
1093 3200 1116 3240 s.
1146 3200 1174 3258 p.
1198 3179 1228 3240 d.
1266 3175 1428 3260 Cogitanti
1463 3178 1569 3240 adhuc
1603 3199 1640 3239 ac

185 3283 371 3345 deliberanti
389 3285 471 3356 milti,
495 3285 649 3363 quidnam
666 3284 707 3345 ad
724 3295 755 3345 te
770 3286 951 3358 scriberem,
975 3304 1041 3363 quo
1058 3282 1215 3345 desiderio
1231 3294 1287 3344 tuo
1304 3282 1493 3345 satisfecisse
1508 3283 1639 3357 viderer,

185 3391 373 3467 parantique
404 3388 511 3448 nescio
542 3388 619 3467 quid
651 3388 819 3463 excudere,
852 3387 941 3468 quod
965 3389 1070 3449 studia
1104 3389 1232 3467 pristina
1261 3387 1428 3461 redoleret,
1459 3389 1640 3467 supervenit

185 3490 364 3552 Fridericus
387 3501 469 3563 tuus
501 3494 565 3552 imo
593 3504 709 3567 noster,
733 3513 806 3554 cum
830 3493 932 3567 literis,
964 3493 1082 3572 quibus
1112 3493 1307 3571 promissum
1338 3493 1502 3573 exigebas.
1541 3488 1640 3569 Quod

186 3614 258 3656 cum
282 3594 400 3656 diutius
417 3595 543 3656 differre
566 3595 694 3670 nollem,
718 3599 998 3676 existimaremque
1014 3598 1113 3658 satius
1128 3617 1207 3669 esse,
1227 3607 1261 3658 ut
1277 3596 1370 3659 saluti
1386 3608 1460 3658 tuae
1483 3614 1641 3676 meaeque

186 3699 348 3760 studerem
372 3719 469 3779 quam
493 3702 665 3762 verborum
689 3703 823 3775 ornatui,
860 3701 944 3762 hunc
967 3701 1008 3762 ad
1033 3713 1064 3762 te
1095 3700 1275 3762 codicillum
1306 3702 1424 3778 scripsi.
1461 3699 1569 3779 Quem
1591 3702 1641 3773 ita,

186 3815 220 3864 ut
245 3805 274 3863 in
300 3814 439 3864 mentem
463 3823 612 3883 quaeque
635 3807 814 3878 veniebant,
839 3824 922 3884 quae
953 3805 1090 3866 salubria
1114 3807 1252 3879 cogitatu
1276 3814 1307 3865 et
1330 3823 1429 3883 opere
1460 3803 1641 3876 iudicarem,

186 3910 334 3988 compegi
358 3920 412 3969 tua
427 3906 576 3970 facilitate
600 3908 704 3982 fretus,
728 3921 761 3970 ut
779 3909 849 3970 rudi
865 3911 1034 3988 conceptui
1058 3929 1211 3989 parceres,
1235 3921 1267 3970 et
1282 3920 1414 3970 naturae
1438 3919 1512 3969 tuae
1534 3908 1641 3987 probi-

187 4014 307 4090 tatique
341 4011 491 4086 confisus
525 4012 613 4092 quod
649 4032 687 4073 ea
710 4013 824 4093 cupide
859 4014 997 4075 lecturus
1031 4016 1073 4074 sis
1104 4025 1136 4074 et
1159 4013 1311 4074 exercitio
1344 4010 1440 4094 digna
1469 4014 1640 4073 existimes.

188 4114 291 4177 Crede
307 4116 397 4176 mihi:
421 4136 518 4194 parva
534 4130 607 4178 sunt
623 4128 655 4177 et
671 4118 766 4179 stulta
782 4118 1019 4178 existimatione
1042 4118 1209 4179 hominum
1225 4116 1476 4196 imprudentium
1492 4115 1640 4190 iudicata,

188 4220 246 4281 sed
270 4220 407 4298 parvulis
430 4220 625 4282 intellectum
642 4221 696 4283 dat
720 4221 885 4296 dominns;
909 4234 940 4282 et
957 4241 1004 4296 ea,
1028 4241 1111 4302 quae
1135 4222 1300 4301 despectui
1322 4231 1395 4282 sunt
1419 4219 1550 4294 mundo,
1573 4239 1641 4302 gra·

187 4326 307 4386 tissima
330 4343 458 4402 semper
480 4337 554 4386 sunt
577 4324 648 4386 deo,
673 4325 720 4386 lle
741 4327 796 4399 his,
821 4346 903 4406 quae
927 4327 1158 4387 haeretieorum
1181 4324 1360 4386 doctrinam
1375 4326 1640 4402 complecttmtur,

188 4428 263 4490 nihil
287 4431 392 4510 attigi3
428 4428 459 4489 id
483 4431 605 4490 notavi:
640 4429 805 4492 diabolicis
836 4432 904 4492 telis
935 4433 1093 4492 sauciatos
1124 4430 1219 4491 fuisse
1249 4431 1370 4508 primos
1400 4430 1469 4491 eius
1503 4428 1642 4490 haeresis

188 4545 317 4594 autores
346 4544 592 4612 sectatoresque.
632 4533 716 4595 Nam
740 4537 818 4595 sicut
849 4537 969 4597 retibus
999 4534 1200 4613 voluptatum
1231 4532 1403 4595 nonnullos
1433 4544 1465 4595 et
1489 4535 1641 4594 maiorem

188 4637 355 4698 hominum
370 4648 494 4717 partem
518 4640 710 4717 captivatam
727 4639 830 4712 habet,
855 4641 897 4701 ita
920 4651 952 4699 et
969 4641 1036 4700 telis
1060 4640 1254 4699 amariorum
1278 4638 1453 4700 affectuum
1476 4649 1509 4700 et
1528 4638 1642 4699 immo-⁴

189 4740 289 4801 derati
305 4741 384 4801 coeli
409 4743 629 4821 quamplures
652 4744 795 4805 vulnerat
812 4756 842 4805 et
859 4743 984 4805 occidit.
1011 4742 1119 4803 Habet
1142 4746 1227 4804 enirn
1250 4742 1420 4805 insidiosus
1441 4741 1494 4804 ille
1509 4752 1642 4803 venator

189 4846 364 4906 animarum
389 4857 420 4906 et
444 4847 520 4907 retia
543 4858 574 4908 et
598 4847 667 4920 tela,
691 4859 726 4909 ut
749 4847 930 4909 Bemardus
953 4851 1003 4909 ait.
1028 4847 1139 4927 ltaque
1154 4868 1197 4908 ex
1213 4848 1317 4909 furore
1340 4847 1428 4922 coeli,
1452 4865 1551 4928 quem
1567 4844 1643 4919 dixi,

190 4951 221 5009 in
244 4968 382 5010 errorem
399 4959 522 5010 tantum
547 4951 684 5029 prolapsi
709 4963 781 5013 sunt
798 4950 966 5025 intellectu,
983 4963 1025 5025 ut,
1042 4952 1120 5013 dum
1139 4952 1269 5012 morbos
1292 4951 1508 5028 praelatorum
1531 4968 1643 5011 sanare

190 5054 292 5124 velint,
315 5066 461 5114 naturam
485 5057 586 5133 ipsam
611 5067 641 5115 et
665 5055 805 5117 officium
828 5058 1016 5124 interimant,
1040 5068 1072 5118 et
1087 5056 1198 5118 malint
1221 5056 1350 5117 credere
1365 5054 1544 5116 naviculam
1560 5052 1641 5114 Petri

190 5159 252 5218 iam
276 5177 358 5236 pene
386 5169 486 5218 totam
516 5160 682 5238 usquead
707 5180 827 5238 paucos
857 5179 934 5222 suae
957 5160 1102 5221 factionis
1133 5171 1304 5221 assertores
1334 5159 1536 5220 submersam
1564 5175 1643 5231 esse,

190 5280 288 5341 quam
311 5261 454 5324 confiteri
477 5275 607 5341 peccata
623 5284 680 5326 sua
705 5275 736 5325 et
752 5266 850 5326 totius
876 5265 985 5343 populi
1010 5265 1089 5325 tales
1112 5264 1285 5343 promereri
1308 5273 1461 5342 pastores.
1484 5259 1551 5323 Sed
1566 5259 1644 5341 quid
