3660 5850
817 670 887 733 191.

541 809 759 882 Bohuslav
782 809 891 903 Janu
919 807 1161 883 Ridnerovi.

212 980 309 1034 cavati
324 979 360 1048 jej
380 997 397 1033 a
414 980 493 1033 brani
517 979 588 1049 proti
607 980 728 1048 vy'tkAm,
747 978 778 1032 ie
801 979 844 1046 jsa
867 983 957 1033 stalec
976 997 1006 1032 se
1025 979 1129 1040 olenih
1150 980 1197 1047 jen
1222 981 1289 1032 toho
1309 979 1393 1046 lituje,
1412 980 1442 1032 ie
1462 980 1571 1033 nebude

121 1066 198 1120 moci
217 1067 278 1120 dale
296 1067 344 1121 talr
362 1067 435 1136 pilne
454 1067 602 1129 studovati‚
621 1068 683 1120 leda
701 1067 747 1135 byl
765 1067 854 1119 dostal
873 1067 943 1119 ienu
962 1067 1015 1119 ved
1035 1067 1185 1129 milovnou‚
1201 1067 1319 1134 jakychl
1339 1069 1387 1135 pry'
1407 1085 1424 1119 v
1443 1055 1573 1120 Cechdch

122 1154 192 1206 neni
211 1161 351 1223 naprosto.
369 1155 449 1223 (Luc.
468 1153 520 1222 58.)

210 1330 324 1412 Joanni
348 1331 469 1393 Ridner
491 1351 514 1390 s.
538 1330 568 1391 d.
591 1329 659 1392 Etsi
682 1331 815 1392 arbitror
838 1330 1010 1393 nonnullos
1033 1349 1113 1403 esse,
1136 1333 1190 1411 qui
1214 1331 1270 1393 tibi
1286 1331 1361 1392 vitio
1377 1330 1464 1404 dant,
1488 1330 1577 1411 quod

123 1444 231 1496 aetate
253 1437 317 1496 iam
340 1433 584 1517 grandiusculus
607 1454 742 1496 uxorem
765 1435 899 1495 duxisti:
923 1454 984 1517 ego
1000 1446 1109 1496 tamen
1132 1455 1198 1496 non
1215 1433 1417 1513 improbabili
1441 1431 1487 1515 (ut
1505 1434 1580 1494 mihi

123 1535 261 1620 videtur)
285 1540 406 1600 ratione
429 1538 562 1617 provide
584 1549 617 1600 te
639 1539 862 1619 sapienterque
885 1539 995 1599 secisse
1018 1541 1076 1600 aio.
1105 1539 1189 1601 Nam
1212 1550 1244 1600 et
1267 1539 1379 1600 melius
1402 1538 1580 1601 honestius-

123 1663 189 1724 que
204 1655 252 1704 est
268 1645 417 1726 coniugio
432 1642 560 1725 alligari,
583 1662 681 1723 quam
698 1662 777 1725 vaga
801 1643 930 1704 libidine
952 1646 1013 1719 uti;
1036 1656 1068 1705 et
1090 1645 1117 1705 is
1137 1643 1269 1705 demum
1292 1643 1398 1706 liberis
1414 1642 1580 1726 gignendis

124 1757 221 1826 aptus
244 1758 300 1820 est,
330 1749 385 1828 qui
408 1747 545 1808 educare
568 1766 626 1808 eos
649 1750 707 1808 scit
730 1758 761 1808 et
784 1746 863 1809 tales
894 1746 1036 1822 reddere,
1065 1759 1099 1809 ut
1122 1750 1184 1809 vita
1207 1747 1294 1828 digni
1317 1749 1386 1808 sint.
1417 1745 1514 1808 Cuius
1536 1749 1579 1806 rei

124 1851 158 1911 in
181 1850 241 1911 hac
268 1851 415 1912 barbarie
442 1863 550 1913 nostra
581 1853 637 1912 tibi
664 1854 867 1930 potissimum
895 1850 1034 1933 palmam
1066 1852 1180 1925 tribuo,
1209 1854 1263 1932 qui
1294 1870 1359 1912 non
1387 1851 1491 1912 solum
1522 1871 1581 1913 usu

125 1974 232 2016 rerum
255 1954 314 2016 sed
337 1957 433 2017 etiam
457 1955 601 2017 doctrina
626 1960 758 2018 caeteris
781 1968 932 2035 praestas,
963 1975 1161 2037 quamquam
1186 1956 1327 2018 fortassis
1351 1954 1413 2016 hoc
1437 1966 1582 2032 tempore

127 2061 259 2120 minime
289 2070 379 2122 tanto
409 2060 518 2122 studio
548 2071 645 2140 atque
674 2061 836 2142 diligentia
867 2061 962 2122 literis
992 2060 1178 2121 incumbere
1200 2061 1327 2139 poteris.
1360 2057 1474 2140 Neque
1497 2061 1581 2119 enim

125 2183 223 2224 curae
240 2176 272 2225 et
286 2164 511 2239 solicitudineS,
535 2185 618 2245 quae
634 2184 701 2226 rem
718 2167 864 2226 uxoriam
889 2175 1110 2235 consecuntur,
1134 2164 1232 2224 libere
1248 2167 1390 2225 animum
1407 2167 1581 2244 sapientiae

124 2287 240 2329 vacare
263 2270 378 2333 sinunt.
403 2271 461 2329 nisi
484 2268 627 2330 fortassis
650 2269 733 2329 adeo
757 2268 936 2331 fortunatus
960 2269 1051 2341 luisti,
1074 2280 1108 2331 ut
1125 2268 1307 2329 huiusmodi
1331 2288 1416 2330 uror
1431 2270 1487 2330 tibi
1504 2270 1584 2330 obti-

125 2373 215 2453 gerit,
245 2391 328 2452 quae
351 2391 417 2434 non
441 2373 546 2434 solum
570 2375 714 2435 moribus
737 2374 796 2434 abs
823 2385 854 2435 te
877 2375 996 2435 institui
1026 2371 1084 2433 sed
1114 2375 1208 2434 etiam
1241 2372 1335 2435 literis
1365 2373 1478 2435 erudiri
1501 2374 1584 2436 velit.

125 2474 232 2555 Quale
256 2487 433 2538 monstrum
457 2479 482 2538 si
505 2478 639 2541 Boemia
662 2490 772 2540 nostra
794 2478 894 2551 lerret,
919 2478 1131 2539 bimembrem
1154 2496 1288 2557 puerum
1307 2488 1418 2539 natum
1435 2487 1466 2538 et
1483 2480 1585 2557 pisces

126 2580 189 2641 sub
213 2591 319 2641 aratro
343 2583 488 2643 inventos
510 2593 665 2661 putarem.
700 2581 792 2661 Quae
819 2594 927 2644 tamen
959 2583 1066 2643 omnia
1098 2592 1129 2642 te
1159 2583 1424 2662 circumspexisse
1455 2592 1487 2643 et
1510 2581 1585 2643 nihil

126 2686 263 2745 omnino
286 2697 407 2746 temere
430 2688 533 2768 egisse
549 2698 636 2747 certo
660 2690 735 2749 scio.
760 2686 839 2748 lllud
856 2688 940 2747 enim
958 2685 1122 2747 ridiculum
1141 2696 1196 2760 est,
1220 2685 1309 2766 quod
1329 2685 1459 2767 quidam
1476 2686 1585 2748 dicunt

127 2800 162 2850 te
184 2789 316 2867 nuptiali
340 2790 409 2864 laci,
438 2802 551 2869 utpote
574 2791 684 2873 vigiliis
708 2803 739 2853 et
763 2791 1038 2852 lucubrationibus
1061 2791 1263 2864 exhaustum,
1294 2808 1407 2868 parum
1431 2791 1584 2852 idoneum

128 2911 208 2953 esse.
240 2892 354 2974 Neque
377 2896 463 2955 enim
486 2895 601 2957 adduci
625 2915 766 2974 possum,
797 2905 833 2955 ut
863 2904 985 2956 tantam
1009 2897 1205 2973 provinciam
1228 2913 1416 2968 assumeres,
1448 2896 1505 2955 nisi
1528 2896 1582 2956 tibi

127 2998 277 3059 conscius
300 3016 388 3058 esses
411 3009 443 3060 te
458 2999 603 3060 sulficere
626 2998 668 3060 ad
690 2998 768 3060 illud
784 2997 961 3059 insatiabile
985 2998 1170 3059 barathrum
1194 2998 1399 3077 explendum.
1423 2997 1456 3061 Si
1475 3009 1584 3061 tamen

128 3100 317 3180 imprudens
333 3104 451 3176 errasti,
468 3122 585 3165 censeo
602 3104 751 3181 thymbra
767 3103 922 3164 utendum
939 3115 1049 3164 anteo
1065 3102 1215 3176 remedie,
1232 3104 1320 3164 cuius
1332 3121 1432 3181 opera
1448 3120 1584 3163 uxorem

127 3207 160 3266 in
184 3205 291 3267 officio
314 3209 448 3269 retinere
463 3227 585 3286 posses,
608 3227 692 3288 quae
714 3218 783 3269 tum
799 3207 931 3272 demum
954 3206 1033 3288 frugi
1057 3209 1122 3281 erit,
1145 3210 1224 3268 site
1247 3226 1313 3268 non
1333 3206 1439 3268 solum
1455 3209 1585 3267 nomine

129 3308 308 3373 sedetiam
332 3330 366 3372 re
390 3314 539 3373 maritum
562 3322 745 3394 cognoscet.
769 3310 860 3372 Vale.

217 3497 269 3565 Jan
288 3496 409 3550 Riedner
426 3513 442 3550 z
461 3497 673 3552 Niedershaimu
692 3499 815 3567 plichazl
834 3517 851 3550 v
864 3499 980 3551 matrice
999 3499 1148 3551 Bononske
1167 3499 1248 3566 (Acta
1266 3499 1388 3552 nationis
1406 3498 1584 3565 germanicae

130 3584 159 3636 in
179 3585 300 3637 univers.
319 3585 439 3643 Bonan.)
457 3601 478 3637 r.
494 3584 570 3638 1473.
588 3585 647 3654 Tyr
666 3587 804 3654 vyudoval
821 3594 916 3654 potom
936 3603 972 3638 na
991 3586 1140 3639 universite
1160 3586 1371 3652 lngolstadtslre.
1390 3586 1420 3638 R.
1440 3584 1507 3637 1484
1525 3585 1584 3653 pise

130 3688 179 3723 mu
198 3672 263 3724 Petr
281 3671 381 3725 Schott
399 3672 680 3739 (Lucubratiuneulae
699 3673 745 3726 fol.
763 3672 807 3742 31)
823 3673 934 3740 jakoito
955 3673 1037 3726 »iuris
1062 3673 1197 3742 pontificii
1222 3673 1328 3725 doctori
1350 3680 1432 3739 atque
1451 3672 1518 3724 artis
1537 3673 1585 3723 hu-

130 3757 274 3811 manitatis
298 3759 507 3827 elegantissimo
531 3760 678 3828 professori
702 3759 730 3812 in
756 3761 935 3827 Ingolstadt«‚
959 3759 967 3812 i
992 3760 1144 3828 poulraauje
1166 3759 1203 3827 jej
1223 3761 1238 3812 lr
1257 3759 1368 3828 pomoci
1389 3759 1583 3812 Bohuslavove

129 3863 147 3896 v
165 3845 272 3914 pileine
290 3845 435 3914 zapltjdenl
451 3845 533 3914 jedne
553 3847 646 3916 knihy.
664 3847 734 3916 Jeho
753 3848 860 3900 dalsieh
880 3848 967 3899 osudi‘l
987 3848 1130 3900 nezname.
1158 3847 1317 3915 Rozpustile
1337 3846 1465 3914 ponelrud
1485 3846 1585 3897 zalton·

130 3933 194 3986 deni
213 3933 277 3986 listu
297 3932 513 4001 charalrterisuje
532 3935 606 4002 spise
625 3934 697 3987 dobu
717 3934 768 3986 nei
788 3933 874 3986 osobu
895 3934 1100 3986 Bohuslavovu.

828 4216 898 4278 192.

593 4353 813 4427 Bohuslav
841 4350 1132 4425 neznamemu.

219 4524 346 4592 vyklada
360 4523 454 4577 lrrdtce
473 4541 489 4575 a
508 4523 630 4590 kritisuje
649 4542 679 4576 se
698 4523 859 4576 stanovislra
879 4523 1077 4575 lrleslanslrebo
1097 4520 1278 4587 nejhlavnejsi
1295 4521 1386 4589 naulty
1400 4521 1585 4587 starovekpclr

133 4611 251 4664 tilosold.
270 4612 362 4678 (Nova
380 4611 459 4678 epist.
478 4628 539 4679 app.
558 4611 611 4677 22.)

220 4786 358 4850 Cuidam
381 4808 403 4847 s.
428 4789 456 4850 d.
490 4788 565 4849 Non
590 4791 705 4868 ignoro
728 4787 940 4867 philosophos
971 4804 1107 4865 magnae
1131 4785 1331 4845 authoritatis
1355 4782 1441 4861 apud
1464 4796 1587 4844 veteres

134 4893 238 4966 luisse,
269 4903 301 4953 et
324 4894 399 4972 quia
421 4912 455 4952 se
477 4891 577 4953 duces
601 4895 682 4952 vitae
704 4903 802 4971 atque
831 4893 1000 4971 magistros
1028 4907 1155 4950 morum
1178 4887 1420 4966 profitebantur,
1451 4899 1483 4949 et
1513 4890 1586 4967 quia

132 4995 164 5058 hi
188 4996 322 5058 demum
345 4998 439 5057 beate
463 4997 565 5056 vivere
589 5015 686 5073 posse
710 5007 807 5076 atque
830 4995 1042 5055 humanarum
1071 4993 1315 5071 divinarumque
1339 5011 1444 5053 rerum
1468 4992 1587 5053 habere

134 5103 352 5183 cognitionem
382 5100 585 5179 putabantur,
621 5102 675 5180 qui
705 5119 740 5159 se
768 5097 810 5158 ad
841 5119 950 5159 eorum
982 5098 1123 5159 studium
1150 5096 1372 5157 contulissent:
1406 5116 1447 5158 an
1469 5110 1587 5169 autem,

134 5204 225 5284 quod
247 5215 315 5266 tarn
337 5215 522 5286 arroganter
544 5203 784 5282 pollicebantur,
807 5205 902 5265 etiarn
922 5204 1140 5281 praestiterint,
1164 5201 1336 5263 videamus.
1362 5199 1588 5262 Nobilissimus

134 5308 416 5390 Peripateticorum
442 5306 630 5370 Aristoteles
661 5308 757 5370 docet
788 5308 945 5370 mundum
976 5326 1104 5386 semper
1131 5306 1235 5378 luisse,
1270 5304 1474 5366 Democritus
1497 5303 1588 5386 lingit
