3660 5850
793 377 884 443 1493.
1527 379 1563 435 49

108 597 199 678 quasi
222 609 317 659 vento
340 595 484 676 quodam
507 593 689 678 impellitur)
713 615 840 658 mecum
864 595 1042 672 considere,
1066 615 1132 659 non
1149 614 1284 675 possum
1308 617 1372 658 non
1390 598 1496 670 vereri,
1523 615 1564 657 ne

110 704 261 781 antiquus
284 702 385 764 hostis
407 702 473 762 suis
496 719 574 762 usus
596 701 718 762 artibus
741 718 856 761 omnes
883 700 943 762 hos
975 712 1109 762 conatus
1132 710 1292 779 pervertat
1315 703 1346 762 in
1370 700 1565 782 nihilumque

111 805 242 886 redigat.
266 805 380 887 Neque
404 806 489 866 enim
512 805 543 865 in
567 816 658 867 tanto
681 823 818 865 numero
841 804 985 880 deerunt,
1012 807 1074 886 qui,
1105 803 1184 866 dum
1206 824 1265 867 sua
1287 806 1401 867 virtute
1423 824 1566 867 crescere

111 929 177 971 non
200 920 345 988 possunt,
376 927 434 988 per
455 908 591 971 aliorum
623 911 746 970 ruinam
776 907 819 970 ad
846 908 968 971 divitias
999 909 1204 988 honoresque
1232 912 1395 989 pervenire
1424 913 1565 988 cupiunt.

112 1014 156 1075 lli
185 1013 288 1094 plebis
319 1015 445 1075 animos
475 1015 559 1075 varie
589 1014 767 1080 versabunt.
801 1013 862 1074 hos
892 1016 981 1074 vanis
1011 1014 1247 1091 suspicionibus
1277 1013 1462 1092 implebunt,
1497 1014 1566 1075 illos

110 1136 216 1179 rerum
240 1117 462 1178 novandarum
492 1137 558 1198 spe.
596 1116 630 1180 Si
660 1117 743 1179 enim
775 1119 882 1180 omnia
909 1129 1023 1197 pacata
1046 1118 1278 1198 tranquillaque
1302 1130 1416 1191 essent,
1446 1137 1568 1199 cogno·

110 1233 202 1283 scunt
233 1241 298 1284 non
329 1221 471 1283 futurum
501 1222 646 1284 moribus
676 1224 741 1282 suis
771 1221 888 1295 locum,
911 1232 1008 1301 atque
1039 1222 1113 1283 ideo
1146 1221 1300 1284 turnultus
1330 1221 1567 1301 seditionesque

111 1327 306 1397 excitabunt,
329 1336 364 1387 ut
387 1326 574 1404 potentiam,
598 1345 695 1406 quam
720 1327 751 1385 in
775 1326 856 1386 bene
879 1338 1003 1386 morata
1026 1327 1174 1404 beneque
1197 1329 1337 1387 instituta
1353 1326 1477 1387 civitate
1492 1344 1568 1386 con-

111 1433 202 1510 sequi
225 1448 292 1490 non
315 1439 459 1507 possunt,
483 1431 514 1490 in
538 1430 722 1509 perturbata
744 1439 990 1510 consequantur.
1018 1428 1094 1491 Non
1117 1441 1165 1490 est
1189 1448 1319 1490 necesse
1342 1428 1384 1489 ad
1407 1428 1470 1489 hoc
1492 1447 1568 1491 con-

112 1532 304 1594 firmandum
337 1534 509 1614 peregrinis
539 1532 696 1610 exemplis
719 1533 772 1606 uti,
802 1543 833 1594 et
857 1532 975 1612 aliquid
999 1554 1041 1594 ex
1070 1536 1201 1615 graecis,
1233 1533 1335 1595 latinis
1363 1533 1569 1612 barbarisque

112 1638 247 1699 historiis
278 1647 432 1715 repetere,
463 1639 616 1716 quoniam
640 1636 739 1718 Praga
769 1638 845 1698 satis
875 1638 969 1701 nobis
996 1636 1193 1699 documento
1217 1634 1317 1720 est:⁸)
1347 1648 1379 1698 et
1402 1639 1459 1698 nisi
1483 1655 1568 1696 nunc

112 1760 244 1823 quoque
267 1740 341 1802 huic
364 1740 449 1802 malo
474 1743 562 1802 omni
585 1739 692 1802 studio
715 1751 812 1819 atque
836 1739 997 1820 diligentia
1020 1742 1147 1803 obviam
1172 1743 1250 1802 itum
1275 1742 1374 1816 suerit,
1404 1737 1460 1821 (nil
1481 1739 1567 1801 aliud

113 1845 187 1906 volo
211 1842 357 1927 ominari)
380 1847 503 1907 exitum
535 1856 621 1907 certe
648 1847 691 1905 rei
715 1845 838 1904 bonum
861 1854 974 1922 optare
1004 1847 1106 1926 magis
1136 1865 1234 1925 quam
1265 1865 1395 1924 sperare
1425 1863 1567 1924 possum.

113 1948 284 2012 Caeterum
307 1951 466 2027 principes
488 1948 583 2010 huius
607 1946 806 2027 pulcherrimi
837 1948 910 2010 iacti
940 1968 1135 2030 quanquam,
1167 1953 1221 2030 qui
1252 1951 1321 2024 sint,
1353 1951 1474 2030 ignoro,
1503 1967 1568 2009 non

111 2072 225 2132 parum
247 2052 289 2113 de
311 2073 346 2115 se
369 2053 445 2114 mihi
475 2052 672 2132 pollicentur.
711 2053 804 2133 Quae
833 2054 917 2114 enim
946 2056 1087 2134 aggressi
1116 2066 1197 2130 sunt,
1229 2053 1305 2116 nihil
1327 2055 1466 2126 inertiae,
1493 2052 1567 2113 nihil

111 2156 252 2219 desidiae
261 2151 288 2239 9)
312 2158 448 2235 sapiunt,
471 2156 529 2218 sed
553 2175 653 2231 curaS,
676 2156 812 2232 laboreS,
843 2159 1064 2234 constantiam,
1091 2161 1286 2240 gravitatem,
1317 2156 1567 2240 magnitudinem

111 2263 209 2323 animi
231 2271 263 2322 et
286 2280 450 2323 summum
473 2260 633 2343 religionis
655 2261 768 2322 zelum.
792 2261 979 2343 Vigilabunt
1001 2261 1032 2322 hi
1055 2262 1207 2324 adversus
1230 2262 1470 2343 impendentem
1495 2281 1570 2340 pro-

113 2367 224 2428 cellam
258 2377 290 2428 et
324 2383 437 2426 omnes
470 2384 544 2427 suas
578 2384 671 2426 curas
703 2367 976 2447 cogitationesque
1006 2365 1048 2426 ad
1082 2367 1144 2428 hoc
1177 2367 1412 2429 sanctissimum
1448 2367 1569 2427 lacinus

112 2468 343 2549 perficiendum
367 2479 568 2531 convertent:
600 2488 706 2549 neque
736 2471 781 2531 eis
805 2469 946 2530 divinum
973 2470 1126 2531 auxilium
1150 2471 1257 2543 deerit,
1280 2491 1340 2552 pro
1363 2473 1452 2532 cuius
1473 2469 1569 2531 laude

112 2583 145 2635 et
166 2575 267 2654 gloria
290 2593 325 2635 se
348 2585 380 2635 et
403 2573 550 2653 periculis
581 2585 612 2636 et
643 2574 779 2635 invidiae
810 2575 1033 2653 improborum
1061 2575 1219 2637 obiiciunt.
1259 2573 1432 2654 Oquanta
1454 2593 1569 2635 eorum

113 2677 200 2759 apud
217 2678 430 2740 immortalem
446 2678 622 2740 Dominum
638 2697 761 2740 merces
784 2681 850 2752 erit,
874 2690 995 2759 quanta
1017 2679 1104 2759 apud
1120 2680 1267 2741 homines
1283 2680 1366 2740 bene
1386 2681 1570 2759 integreque

113 2781 304 2845 sentientes?
326 2781 360 2844 Si
383 2784 468 2843 enim
491 2802 591 2843 unum
615 2783 657 2844 ab
680 2801 786 2843 errore
809 2802 976 2844 revocasse
1000 2803 1153 2864 magnum
1177 2793 1233 2858 est,
1264 2783 1340 2863 quid
1364 2793 1489 2844 tantum
1513 2801 1571 2861 po·

113 2887 246 2966 pulum?
268 2885 302 2948 Si
316 2887 492 2970 gloriosum
504 2884 544 2965 ¹⁰)
568 2897 649 2949 esta
666 2889 786 2965 patriae
801 2888 975 2949 cervicibus
991 2890 1100 2970 iugum
1117 2891 1241 2966 tyranni
1257 2887 1425 2967 depulisse,
1449 2899 1570 2966 quanto

114 2988 282 3072 gloriosius
305 2992 481 3053 extinxisse
511 2992 677 3054 materiam
708 2993 895 3071 seminaque
918 2991 1148 3053 discordiarum
1171 3004 1202 3054 et
1226 3002 1395 3071 corruptos
1418 2991 1571 3070 deprava-

113 3092 286 3177 tosque¹¹)
310 3113 416 3156 mores
439 3096 638 3157 correxisse?
671 3094 746 3156 Non
778 3098 1018 3159 conscribentur
1049 3098 1127 3158 haec
1158 3098 1308 3158 limitibus
1330 3095 1489 3172 Boerniae
1513 3095 1570 3156 sed

114 3200 317 3280 vagabuntur
346 3217 404 3278 per
430 3210 530 3260 terras
564 3196 736 3281 mariaque,
773 3212 805 3262 et
843 3203 988 3263 omnium
1026 3204 1167 3282 gentium
1183 3199 1220 3279 ¹⁹)
1259 3202 1373 3283 linguis
1411 3202 1570 3280 literisque

114 3303 380 3364 celebrabuntur:
404 3305 464 3383 ipsi
487 3306 582 3367 etiam
606 3307 725 3383 posteri
749 3305 832 3366 hanc
854 3308 1002 3368 virtutem
1025 3317 1056 3368 et
1080 3304 1257 3368 laudabunt
1273 3318 1304 3367 et
1320 3304 1571 3377 admirabuntur,

115 3426 221 3486 neque
243 3407 307 3469 ulla
330 3418 419 3470 aetas
442 3427 555 3470 eorum
577 3410 767 3470 memoriam
791 3409 919 3472 delebit.
942 3410 992 3472 De
1009 3409 1109 3492 Praga
1132 3412 1200 3490 ipsa
1223 3409 1300 3490 quid
1323 3409 1444 3470 dicam?
1470 3406 1571 3486 Quae,

114 3514 174 3573 nisi
196 3530 249 3573 me
271 3514 397 3574 animus
420 3511 504 3587 saliit,
527 3515 644 3575 mirum
667 3514 754 3575 brevi
776 3516 1004 3576 incrementum
1028 3517 1141 3594 capiet
1165 3515 1259 3576 Hanc
1282 3532 1374 3593 spem
1393 3515 1572 3574 amoenitas

115 3615 187 3690 loci,
217 3618 251 3677 in
280 3635 348 3697 quo
372 3617 432 3678 sita
455 3627 512 3692 est,
535 3620 705 3696 temperies
735 3620 816 3680 aeris
845 3632 878 3679 et
909 3620 1054 3680 omnium
1082 3637 1188 3679 rerum
1212 3617 1253 3678 ad
1277 3636 1371 3681 usum
1395 3618 1572 3679 humanum

114 3723 342 3802 pertinentium
365 3723 458 3800 copia
481 3720 556 3782 mihi
579 3723 720 3801 praebet.
744 3722 931 3802 Implebitur
952 3725 1125 3784 innumeris
1141 3723 1403 3804 negotiatoribus,
1426 3722 1571 3801 frequen-

116 3826 235 3887 tabitur
257 3845 276 3886 a
299 3827 462 3887 iuventute
493 3826 655 3888 literarum
685 3827 817 3908 cupida;
847 3829 911 3888 sive
944 3829 1016 3907 quis
1047 3827 1173 3889 militiae
1203 3829 1269 3888 sive
1299 3826 1389 3886 domi
1416 3827 1572 3887 excellere

115 3927 210 4004 volet,
241 3928 376 4011 Pragam
399 3942 434 3992 ut
457 3930 567 3992 talium
591 3934 705 3993 artium
728 3933 912 4013 magistram
935 3941 1031 4012 petet.
1069 3931 1223 3993 Finitimis
1254 3931 1449 4010 principibus
1474 3939 1571 4009 atque

116 4031 254 4115 populis,
285 4035 339 4115 qui
365 4054 450 4095 nunc
473 4054 633 4096 summam
663 4038 695 4096 in
722 4035 879 4097 discordia
910 4049 1018 4097 nostra
1048 4054 1140 4116 spem
1163 4047 1296 4114 ponunt,
1328 4053 1435 4096 rursus
1461 4035 1572 4095 terrori

115 4140 378 4218 venerationique
400 4142 525 4201 erimus.
560 4138 740 4202 Cessabunt
762 4141 837 4203 odia
860 4151 891 4202 et
914 4159 1073 4216 rancores,
1095 4159 1201 4220 neque
1223 4140 1302 4203 alter
1324 4140 1459 4201 alterum
1482 4141 1573 4218 quasi

116 4243 355 4305 schismaticum
385 4243 643 4325 haereticumque
673 4255 866 4319 contemnet,
901 4243 958 4306 sed
988 4244 1132 4307 eiusdem
1164 4247 1272 4306 matris
1307 4243 1361 4305 filii
1396 4246 1428 4305 in
1458 4242 1572 4305 eadem

116 4347 229 4422 domu,
263 4347 325 4409 hoc
355 4360 404 4410 est
434 4349 464 4408 in
492 4349 625 4410 ecclesia
655 4349 781 4412 educati
811 4350 872 4411 sub
902 4348 1014 4410 iisdem
1048 4368 1179 4431 quoque
1211 4348 1335 4431 legibus
1362 4351 1574 4428 institutisque

116 4453 268 4513 vivemus,
287 4445 393 4514 ⁴Vale.
427 4451 479 4514 Ex
502 4452 692 4536 Bulsava.¹³)

219 4779 240 4846 ⁸)
258 4779 283 4831 K
300 4779 429 4847 pridtvl:
448 4797 518 4847 quae
540 4778 575 4832 ab
594 4780 648 4833 hoc
666 4796 769 4848 genere
794 4779 938 4832 hominum
964 4797 1047 4847 saepe
1072 4778 1316 4848 perniciosissimis
1335 4777 1457 4831 motibus
1476 4787 1574 4831 vexata

117 4874 147 4920 et
165 4865 271 4932 agitata
289 4875 340 4919 est.

221 4953 241 5018 9)
259 4953 283 5004 Κ
302 4952 416 5020 piidavl
435 4953 504 5007 nihii
523 4955 659 5021 ignaviae.

213 5040 242 5105 ¹⁰)
262 5040 289 5090 M
310 5039 406 5106 gloria.

212 5127 241 5192 ¹¹)
261 5127 288 5178 M
307 5127 463 5180 damnatos.

213 5214 243 5280 ΙἸ)
263 5214 287 5264 K
305 5214 418 5282 plidaui
437 5215 646 5281 nationumque.

214 5300 243 5368 13)
261 5301 285 5353 Κ
304 5301 437 5355 Buslania
455 5302 580 5372 (Bliany)
598 5303 632 5354 X.
651 5299 743 5353 octob.
764 5298 839 5352 1493.

172 5421 271 5462 Sblrlra
289 5422 429 5473 punient.
449 5423 544 5474 Slrupina
558 5422 632 5464 dmbt.
651 5414 710 5464 Clslo
726 5423 744 5463 l.
