3660 5850
802 383 1013 443 1493-1494.

883 652 934 715 tt.

545 756 765 864 Bohuslav
793 789 975 885 kapitole
1005 787 1278 866 Olomoucke.

274 958 479 1027 (ltus-1⁴9⁴.)
509 961 571 1031 Aby
590 980 637 1015 mu
656 963 795 1025 ozntlmili,
819 981 853 1017 co
881 964 995 1033 poslove
1016 963 1100 1032 jejich
1119 980 1136 1016 v
1155 949 1234 1016 lttme
1259 961 1376 1031 portdili,
1397 960 1451 1029 aby
1469 961 1549 1029 podle
1569 959 1636 1012 toho

186 1048 277 1114 snahy
297 1047 345 1099 sve
365 1049 438 1101 umel
451 1049 575 1117 zpraviti.
594 1051 759 1105 Ochladlali
778 1052 871 1120 plizen
889 1050 973 1121 jejich
993 1051 1116 1115 linimu,
1134 1050 1165 1105 le
1179 1068 1195 1104 o
1209 1050 1329 1105 hodnost
1341 1047 1508 1118 biskupstou
1527 1045 1635 1115 nestojl,

186 1131 194 1184 i
215 1132 307 1202 kdyby
325 1135 433 1188 snadno
452 1137 528 1189 mohl
544 1136 565 1205 ji
584 1137 681 1191 doslci.
709 1139 799 1205 (Nova
818 1139 897 1208 epist.
917 1156 978 1208 app.
996 1138 1053 1206 9b.)

273 1313 519 1377 Venerabilibus
541 1319 614 1379 viris
636 1317 667 1379 d.
691 1318 814 1380 decano
838 1329 870 1380 et
892 1320 952 1382 toti
975 1319 1114 1398 capitulo
1137 1317 1345 1381 Olomucensi
1370 1337 1393 1378 s.
1416 1336 1446 1397 p.
1470 1315 1499 1377 d.
1518 1312 1637 1375 Audivi

187 1417 310 1500 legatos
332 1430 463 1494 vestros,
487 1439 570 1499 quos
592 1421 732 1484 Romam
756 1424 891 1499 misistis,
918 1424 1106 1505 iampridem
1134 1423 1270 1484 rediisse.
1302 1420 1343 1483 Hi
1367 1420 1444 1501 quid
1467 1418 1637 1490 attulerint,

187 1523 332 1585 nondum
362 1535 566 1603 compertum
595 1525 710 1589 habeo.
741 1526 827 1590 Nam
857 1546 962 1609 neque
993 1527 1077 1590 lama
1107 1525 1227 1609 aliquid
1257 1526 1299 1588 ad
1330 1545 1390 1588 nos
1420 1523 1551 1587 allatum
1581 1533 1638 1594 est,

188 1647 295 1708 neque
316 1648 375 1690 vos
394 1628 577 1692 huiusmodi
600 1634 770 1714 quicquam
798 1634 894 1694 literis
917 1635 1028 1695 vestris
1050 1631 1255 1716 significastis.
1278 1631 1371 1711 Quae
1394 1646 1548 1710 quorsum
1571 1638 1639 1689 ten-

189 1731 276 1804 dant,
299 1752 432 1812 prorsus
454 1736 576 1817 ignoro.
600 1733 676 1797 Mihi
700 1737 832 1816 quidem
855 1737 1020 1800 decretum
1043 1746 1092 1799 est
1108 1739 1216 1799 omnia
1232 1737 1352 1819 integre
1366 1753 1471 1818 agere,
1487 1743 1519 1795 et
1534 1750 1639 1813 neque

189 1836 337 1899 secundis
360 1838 456 1900 rebus
478 1838 582 1902 efferri
598 1859 703 1921 neque
725 1840 864 1905 adversis
880 1842 988 1924 frangi,
1004 1843 1213 1920 animumque
1229 1839 1381 1902 adversus
1397 1856 1527 1901 omnem
1543 1837 1641 1898 tortu·

189 1960 264 2003 nam
288 1940 415 2004 firmum
439 1944 728 2024 inconcussumque
751 1965 875 2027 gerere:
899 1948 924 2008 si
948 1956 1056 2007 tamen
1080 1944 1146 2007 fieri
1169 1947 1277 2026 possit,
1297 1945 1487 2006 sententiam
1503 1951 1641 2003 vestram

190 2065 384 2129 magnopere
406 2066 602 2130 cognoscere
625 2069 784 2129 cuperem,
808 2062 843 2113 ut
859 2053 883 2113 si
903 2051 954 2113 ille
977 2050 1074 2112 ardor
1096 2048 1274 2113 studiorum
1297 2058 1475 2109 vestrorum
1498 2064 1572 2128 erga
1588 2063 1641 2106 me

189 2161 286 2229 atque
308 2153 446 2230 impetus
468 2157 643 2228 consenuit,
666 2154 741 2215 mihi
764 2155 938 2229 consulam,
961 2165 994 2216 ct
1015 2174 1107 2217 curas
1133 2156 1408 2235 cogitationesque
1432 2170 1520 2213 meas
1542 2150 1640 2232 longo

188 2256 252 2315 iam
282 2265 427 2336 tempore
457 2255 637 2321 vacillantes
667 2258 825 2321 stabiliam
855 2268 952 2338 atque
981 2259 1043 2320 alio
1074 2259 1276 2333 transferam,
1306 2276 1423 2338 nempe
1452 2258 1506 2337 qui
1538 2256 1641 2317 invitis

188 2358 280 2420 vobis
303 2360 333 2420 in
357 2358 579 2438 pontificatum
601 2361 863 2438 Olomucensem,
892 2365 1015 2425 etiamsi
1040 2363 1071 2425 id
1093 2365 1214 2444 crepitu
1244 2361 1416 2445 digitorum
1438 2358 1503 2421 fieri
1526 2358 1640 2432 liceret,

188 2462 329 2524 involare
352 2466 482 2525 minime
505 2465 626 2527 vellem.
654 2466 778 2543 Valete,
802 2479 833 2531 et
857 2469 936 2530 haec
965 2470 997 2530 in
1021 2469 1141 2530 bonam
1171 2477 1292 2549 partem
1324 2466 1463 2545 accipite,
1487 2465 1639 2544 quoniam

188 2588 207 2628 a
231 2585 283 2628 me
306 2587 387 2648 puro
410 2571 519 2632 animo
542 2585 573 2632 et
595 2571 636 2633 ab
661 2574 749 2634 omni
771 2572 965 2635 contumelia
988 2592 1091 2635 vacuo
1113 2572 1301 2634 scribuntur.

276 2758 328 2811 Viz
347 2760 504 2828 poznAmku
523 2761 539 2813 k
558 2761 622 2814 listu
640 2760 683 2814 lb.
714 2761 776 2815 List
793 2769 880 2824 tento,
896 2760 979 2828 jehoi
998 2758 1159 2828 urditejllho
1184 2761 1248 2812 data
1267 2759 1387 2822 nevlme,
1409 2758 1461 2812 zda
1480 2775 1510 2810 se
1529 2756 1588 2825 by'ti
1607 2773 1638 2809 ze

188 2846 268 2916 zbyle
288 2847 352 2900 nam
371 2846 612 2916 korrespondeuce
626 2848 821 2918 Bohuslavovy
834 2866 848 2901 s
861 2847 1001 2916 kapitolou
1020 2846 1213 2901 Olomoucltou
1231 2846 1387 2915 poslednlm
1403 2845 1482 2913 (cnud
1492 2843 1525 2898 ai
1544 2843 1639 2897 zrolru

189 2932 275 3000 1495),
295 2933 380 2987 nebot
392 2935 565 3003 prokmitavtl
583 2936 684 2990 zneho
698 2936 820 2991 uevrlost
838 2934 990 3004 pisatelova
1004 2950 1039 2987 na
1051 2937 1143 2988 strant
1160 2933 1253 3002 jedne‚
1271 2952 1308 2988 na
1321 2934 1406 2987 druhe
1421 2933 1474 3001 pall
1488 2931 1638 2985 ochabnutl

188 3021 281 3089 pilzne
301 3021 422 3090 kapitoly
441 3022 457 3075 k
476 3024 560 3076 nemu
579 3023 651 3076 dosti
669 3023 800 3077 zletelne.
819 3021 893 3076 Snad
913 3020 1041 3075 obracela
1067 3020 1104 3089 jii
1122 3021 1243 3091 kapitola
1267 3020 1384 3083 tenkrat,
1409 3020 1479 3088 lidyl
1497 3019 1542 3071 list
1561 3025 1639 3071 tento

188 3111 257 3177 pean
270 3108 324 3178 byl,
342 3110 426 3163 zietel
445 3107 505 3176 svbj
519 3109 652 3178 kjincmu
665 3108 891 3179 plidinlivejslmu
904 3107 955 3162 nel
969 3109 1109 3163 Bohuslav
1122 3109 1280 3170 kandidttu
1301 3108 1365 3162 ne-ti
1383 3107 1509 3160 dolronce
1522 3106 1539 3158 k
1552 3114 1639 3167 tomu,

189 3197 267 3265 ktery'
285 3214 306 3249 r.
326 3195 393 3248 1497
413 3195 567 3266 biskupstvl
586 3197 683 3252 dosahl
702 3197 833 3267 opravdu.

884 3483 935 3544 ts.

608 3620 829 3694 Bohuslav
851 3618 1003 3713 Janovi
1031 3642 1053 3692 z
1082 3618 1224 3716 Pibry.

275 3792 378 3859 (1⁴03.)
397 3792 490 3847 Postu
508 3796 685 3848 veriovanou
703 3794 832 3863 epilttolu,
852 3796 884 3847 ac
899 3792 1008 3848 mule-li
1026 3794 1076 3862 pry
1089 3791 1230 3861 bezpedne
1243 3791 1301 3860 by'ti
1315 3790 1433 3859 vydana.
1453 3788 1493 3840 Co
1507 3803 1554 3839 mu
1567 3785 1638 3839 bude

187 3876 311 3946 nejasno,
331 3877 456 3947 zejmdna
481 3880 572 3949 poltud
592 3898 622 3934 se
641 3882 704 3950 tite
728 3879 802 3948 dejin
826 3880 983 3943 domaclch,
1007 3887 1036 3933 to
1056 3879 1162 3949 objasnl
1182 3896 1229 3933 mu
1256 3880 1306 3948 pri
1327 3876 1453 3931 Viktorin
1472 3892 1504 3929 ze
1522 3873 1639 3927 Vlehrd.

186 3967 271 4032 (Farr.
290 3964 361 4033 202·)

274 4145 454 4208 Bohuslaus
476 4166 536 4209 suo
558 4146 674 4228 Joanni
704 4146 848 4209 Pibraeo.
884 4144 979 4208 Mitto
1002 4147 1058 4210 tibi
1089 4145 1257 4226 epistolam
1290 4144 1433 4206 versibus
1461 4141 1640 4203 conlectam

186 4269 289 4324 ame,
313 4269 411 4330 quam
442 4250 483 4313 ad
513 4263 545 4314 te
576 4253 657 4314 mitti
687 4253 786 4330 cupis,
818 4253 841 4314 si
873 4252 987 4313 saitem
1017 4270 1128 4314 verum
1159 4262 1216 4324 est,
1247 4260 1281 4311 ut
1313 4258 1384 4311 tuto
1415 4249 1445 4308 in
1476 4243 1639 4324 publicum

187 4354 317 4434 prodire
339 4357 455 4433 possit:
479 4355 564 4418 nolui
588 4365 697 4417 tamen
720 4354 879 4417 desiderio
902 4365 960 4417 tuo
983 4353 1150 4428 adversari,
1174 4357 1229 4434 qui
1251 4354 1331 4415 tanti
1353 4370 1441 4413 ame
1464 4349 1510 4425 fis,
1530 4350 1639 4428 quanti

187 4461 280 4538 pauci
303 4459 362 4521 alii.
386 4459 512 4540 Quodsi
535 4460 642 4539 aliqua
665 4460 851 4523 obscuriora
875 4463 906 4521 in
929 4478 967 4521 ea
990 4459 1191 4533 videbuntur,
1214 4457 1256 4520 ad
1279 4456 1434 4519 Victorini
1459 4452 1639 4516 Wssehrdii

187 4579 284 4644 opem
307 4564 488 4647 confugies3
512 4567 637 4627 tametsi
669 4565 820 4645 pleraque
850 4567 974 4638 inserui,
1004 4584 1088 4645 quae
1111 4585 1130 4626 a
1152 4564 1348 4642 peritissimis
1377 4561 1550 4632 vetustatis,
1581 4559 1639 4619 nisi

185 4668 283 4731 iidem
305 4688 436 4749 quoque
459 4672 651 4731 recentiores
681 4669 830 4731 historias
851 4680 883 4732 et
906 4670 1048 4748 inprimis
1071 4667 1202 4730 annales
1225 4676 1353 4728 nostros
1377 4665 1491 4726 crebro
1514 4661 1640 4724 evolve-

186 4775 256 4847 rint,
279 4777 332 4834 vix
364 4773 491 4854 intelligi
521 4785 665 4852 possunt.
701 4773 792 4848 Vale,
816 4785 846 4836 et
870 4777 894 4835 si
918 4772 996 4854 quid
1020 4776 1050 4834 in
1074 4791 1127 4835 me
1157 4785 1214 4847 est,
1241 4771 1330 4851 quod
1360 4771 1416 4832 tibi
1447 4777 1638 4830 ornamento

185 4896 256 4939 esse
280 4888 385 4957 queat,
408 4896 485 4938 cave
508 4897 607 4956 opera
630 4889 739 4940 nostra
762 4881 807 4939 uti
830 4878 965 4940 dubites.
989 4875 1088 4939 Anno
1113 4877 1206 4942 1493.

259 5049 392 5103 ‚Vroceni
412 5048 541 5102 Mitisovo
562 5048 629 5101 1493
643 5049 698 5117 jest
717 5049 811 5117 zajiste
825 5050 951 5119 sprsivnc,
970 5049 1112 5118 ponevadi
1129 5049 1166 5116 jit
1178 5049 1245 5101 roku
1265 5045 1466 5112 udsledujlclho
1485 5044 1521 5114 by
1540 5044 1637 5110 zajiste

185 5135 326 5188 Bohuslav
344 5135 426 5189 Pibru
446 5135 649 5188 erilrtorinovi
669 5136 715 5205 byl
733 5135 929 5190 neodltazoval.
947 5137 1014 5206 Jaka
1033 5145 1062 5190 to
1075 5135 1139 5204 byla
1156 5135 1311 5188 veriovani
1330 5133 1454 5201 epistola,
1471 5131 1509 5199 jii
1528 5129 1638 5182 Pibrovi

185 5222 317 5291 lrvyddnl
335 5223 442 5289 posllal‚
461 5224 570 5275 nevlme
590 5223 630 5274 sic
649 5223 745 5285 urcite,
764 5226 806 5277 ale
826 5223 1016 5293 spodobnosti
1036 5224 1070 5276 ku
1084 5223 1184 5291 pravde
1204 5221 1372 5291 usuzujeme,
1391 5220 1422 5273 ie
1435 5219 1489 5286 jest
1502 5228 1530 5272 to
1543 5217 1639 5279 bascli,

185 5308 282 5363 kterou
301 5309 399 5379 poloiil
419 5310 494 5364 Mitis
513 5327 549 5363 na
566 5310 645 5379 prvnl
665 5310 748 5364 misto
777 5310 847 5364 mezi
867 5310 994 5377 elegiemi
1017 5311 1148 5378 (Farrago
1167 5319 1215 5363 str.
1233 5309 1277 5378 23¹2)
1302 5308 1467 5379 sndpisem:
1493 5307 1535 5360 nrt
1555 5306 1638 5357 Bern-
