3660 5850
1530 345 1583 400 209

127 558 219 641 sugit.
242 556 396 621 Vestrum
420 575 505 618 nunc
527 566 576 619 est
597 557 762 619 hominem
786 559 865 619 tueri
887 568 919 619 et
942 557 1018 620 dare
1041 577 1182 638 operam,
1204 577 1246 619 ne
1268 560 1423 621 autoritas
1438 558 1583 621 ecclesia-

127 664 217 735 stica,
248 681 332 743 quae
355 663 417 722 iam
441 661 561 741 ubique
584 661 649 723 fere
671 661 702 722 in
726 661 786 723 hac
808 663 969 743 provincia
992 661 1086 736 viluit,
1116 660 1268 725 Cadanae
1290 681 1422 743 quoque
1445 663 1581 727 vilescat.

128 765 167 828 ld
191 765 268 827 mihi
290 784 447 847 perquam
469 767 724 847 acceptissimum
747 768 812 828 erit.
835 765 959 829 Valete.
983 765 1122 849 Augusti
1143 765 1261 828 XVlll.

217 958 331 1039 Redeny
350 970 449 1040 kaplan
467 970 515 1041 Jill
534 969 580 1039 byl
598 973 694 1039 patrne
713 987 730 1022 v
749 971 857 1024 Kadani
883 972 1055 1034 oltalnlkem,
1072 970 1155 1039 jehoi
1180 971 1274 1025 obrotl
1298 990 1312 1024 a
1328 970 1385 1039 jint
1405 979 1500 1041 strany
1517 971 1583 1040 hylo

128 1058 281 1112 ohroieno.
309 1058 371 1111 Liat
388 1066 467 1111 tento
484 1075 501 1111 a
519 1056 682 1125 nisledujlcl
708 1057 786 1111 klade
806 1057 882 1111 Mitis
900 1075 937 1111 na
954 1076 975 1111 r.
996 1057 1077 1121 1501;
1103 1076 1150 1127 my
1168 1059 1424 1127 poznamenivime
1440 1058 1487 1127 jen
1506 1059 1583 1122 tolik,

127 1146 162 1199 ie
186 1147 275 1215 psany
298 1145 365 1216 byly
387 1145 441 1199 oba
464 1163 500 1214 po
524 1163 545 1199 r.
571 1144 646 1207 1498,
672 1145 786 1198 ktereho
811 1146 878 1199 rolru
903 1144 1155 1199 administratorem
1179 1163 1209 1199 se
1234 1146 1286 1199 stal
1311 1147 1347 1198 M.
1372 1144 1491 1199 Ambroi
1516 1146 1583 1199 Chrt

127 1233 252 1296 zPlzne,
268 1231 362 1300 jemui
379 1232 475 1286 sveddl
493 1231 540 1286 list
557 1232 654 1300 druhy.

828 1514 896 1577 185.

380 1669 599 1743 Bohuslav
630 1669 687 1741 M.
716 1669 917 1744 Ambroii
948 1669 1121 1744 Chrtovi
1148 1694 1170 1742 z
1194 1670 1336 1744 Plzne.

220 1858 385 1921 Domlouvi,
403 1856 458 1925 uby
477 1856 603 1911 konedne
622 1855 663 1927 pli
682 1857 801 1927 kaplana
815 1856 883 1924 jeho
900 1856 987 1925 Jiilho
1005 1858 1120 1910 rozhodl
1139 1875 1155 1910 a
1173 1861 1224 1911 vec
1244 1857 1351 1927 vylldil.
1371 1858 1449 1924 (Luc.
1469 1857 1522 1926 93.)

219 2035 361 2097 Domino
390 2037 542 2117 magistro
572 2032 747 2096 Ambrosio
778 2055 801 2096 s.
833 2055 862 2114 p.
885 2036 916 2097 d.
947 2033 1059 2097 Toties
1085 2033 1127 2096 ad
1155 2047 1186 2097 te
1209 2032 1324 2096 eadem
1347 2034 1389 2095 de
1412 2053 1446 2096 re
1469 2034 1586 2114 scripsi,

129 2148 224 2217 pater
254 2137 417 2214 Ambrosi,
449 2149 484 2201 ut
513 2157 631 2212 verear,
662 2158 702 2200 ne
736 2150 791 2201 aut
825 2141 1042 2220 importunum
1073 2149 1127 2201 aut
1157 2139 1371 2200 subrusticum
1401 2156 1455 2199 me
1484 2146 1586 2217 putes.

129 2240 303 2304 Caeterum
326 2242 460 2304 domino
483 2241 626 2324 Georgio
649 2242 817 2324 capellano
841 2262 915 2304 meo
938 2242 1110 2322 plurimum
1141 2243 1266 2325 obligor
1288 2241 1467 2322 vellemque
1490 2243 1587 2304 rebus

129 2347 197 2408 suis
219 2346 396 2408 consulere.
433 2345 463 2409 ls
485 2348 518 2408 in
541 2365 638 2409 causa
661 2347 768 2409 altaris
790 2349 839 2410 sui
861 2347 912 2409 bis
935 2348 984 2410 vel
1014 2359 1060 2410 ter
1082 2350 1145 2409 iam
1169 2348 1256 2428 apud
1284 2359 1316 2410 te
1338 2348 1452 2410 frustra
1475 2347 1532 2410 suit
1554 2357 1586 2408 et

129 2448 260 2512 labores
282 2451 331 2512 sui
353 2461 450 2529 atque
472 2451 639 2528 impensae
663 2470 763 2512 vanae
786 2451 921 2513 luerunt.
957 2450 1068 2535 ltaque
1091 2452 1197 2515 adhuc
1226 2471 1348 2533 precor,
1380 2462 1414 2513 ut
1437 2455 1467 2514 in
1490 2471 1587 2514 causa

128 2573 241 2616 coram
264 2565 296 2616 te
319 2557 382 2616 iam
404 2573 501 2635 saepe
523 2556 641 2636 agitata
664 2557 886 2618 auctoritatem
910 2567 999 2618 tuam
1022 2560 1207 2636 interponas
1230 2566 1262 2618 et
1278 2557 1373 2630 litem,
1397 2575 1480 2637 quae
1496 2566 1586 2618 tanto

129 2669 279 2738 tempore
302 2657 382 2721 finiri
395 2678 463 2721 non
485 2661 598 2738 potuit,
621 2661 779 2721 sententia
793 2670 848 2721 tua
865 2659 1005 2734 definias,
1030 2662 1170 2721 maxime
1191 2678 1292 2742 quum
1308 2661 1413 2722 coloni
1435 2678 1585 2744 agrorum

129 2765 360 2843 vinearumque
383 2763 425 2826 ad
447 2774 661 2824 memoratum
685 2762 783 2825 altare
805 2766 1031 2842 pertinentium
1054 2765 1157 2843 parati
1179 2766 1241 2827 sint
1260 2774 1291 2826 et
1308 2782 1441 2826 censum
1463 2763 1586 2827 solvere

130 2878 165 2928 et
185 2868 364 2930 sententiae
386 2877 461 2929 tuae
484 2885 604 2945 parere.
628 2865 709 2929 Petit
732 2869 828 2929 etiam
851 2867 937 2930 idem
961 2868 1111 2931 dominus
1134 2868 1301 2952 Georgius,
1325 2871 1350 2929 si
1373 2869 1451 2948 quid
1474 2879 1586 2947 tentat,

129 2970 222 3052 quod
252 2971 387 3033 fortasse
418 2970 534 3033 iudicio
557 2981 615 3032 tuo
637 2990 751 3051 parum
775 2974 894 3034 iustum
917 2984 973 3046 est,
1004 2983 1040 3035 ut
1062 2972 1121 3034 abs
1145 2984 1176 3034 te
1198 2973 1381 3036 edoceatur.
1415 2972 1586 3052 Promptus

129 3089 246 3137 estex
267 3074 432 3138 voluntate
455 3086 510 3138 tua
533 3077 642 3137 omnia
664 3095 767 3158 agere.
800 3076 891 3138 Haec
915 3088 949 3139 ut
972 3079 1026 3139 tibi
1049 3096 1146 3139 curae
1167 3079 1238 3151 sint,
1261 3095 1390 3156 precor;
1420 3079 1477 3139 erit
1500 3076 1584 3137 enim

128 3179 208 3241 mihi
229 3178 408 3242 admodum
430 3191 566 3263 gratum,
590 3183 614 3242 si
638 3180 747 3243 literae
770 3200 861 3242 meae
884 3192 1009 3243 tantum
1033 3180 1119 3260 apud
1144 3191 1175 3242 te
1191 3180 1336 3256 efficient,
1361 3192 1395 3242 ut
1412 3182 1585 3263 negotium,

128 3282 220 3364 quod
243 3283 399 3346 hactenus
421 3283 464 3345 ad
487 3283 583 3345 finem
610 3284 741 3363 perduci
764 3304 830 3347 non
854 3287 968 3364 potuit,
998 3305 1083 3347 nunc
1106 3285 1236 3346 tandem
1261 3283 1459 3364 perducatur.
1493 3283 1585 3345 Vale,

217 3469 269 3524 Viz
288 3470 446 3539 poznimlru
464 3471 481 3523 k
499 3470 563 3524 lietu
581 3471 764 3540 pledeiltmu.

826 3753 897 3816 186.

428 3909 648 3983 Bohuslav
675 3907 877 3982 Ambroii
907 3907 1080 3982 Chrtovi
1107 3931 1131 3980 z
1151 3908 1292 3982 Plzne.

216 4097 237 4151 Ζ
257 4096 412 4156 liuldleina
428 4128 464 4138 —
481 4099 526 4155 27·
546 4113 620 4170 ptus.
638 4097 814 4168 Doporuduje
833 4101 885 4152 vec
904 4097 1038 4150 Mikultse
1057 4096 1227 4150 steinbacha
1246 4096 1279 4150 lte
1298 4095 1521 4165 aptavedlivtmu
1539 4114 1584 4166 vy-

127 4182 227 4237 ilzenl.
244 4183 324 4251 (Luc.
345 4183 416 4252 106.)

217 4358 256 4421 D.
278 4357 454 4423 Ambrosio
484 4361 526 4423 de
549 4361 643 4423 Plzna
674 4362 799 4424 decano
830 4370 927 4441 atque
959 4358 1124 4443 Pragensis
1154 4359 1307 4422 ecclesiae
1337 4359 1585 4421 administratori

128 4483 153 4524 s
177 4482 206 4543 p.
230 4462 261 4524 d.
285 4462 438 4528 Nicolaus
460 4463 633 4545 Steinpach
656 4485 755 4547 opera
778 4475 833 4527 tua
848 4466 958 4526 nescio
983 4483 1046 4545 qua
1069 4465 1100 4524 in
1124 4483 1159 4525 re
1173 4482 1289 4525 usurus
1312 4473 1368 4537 est,
1392 4475 1423 4526 et
1439 4463 1512 4542 quia
1532 4482 1585 4524 me

128 4578 223 4647 putat
252 4566 395 4630 nonnihil
425 4571 613 4632 auctoritate
642 4568 730 4650 apud
760 4581 792 4633 te
818 4567 929 4644 valere,
959 4568 1058 4630 voluit
1080 4567 1176 4629 literis
1199 4570 1278 4629 meis
1300 4587 1318 4629 a
1342 4586 1395 4628 me
1418 4568 1474 4629 tibi
1497 4585 1586 4628 com·

128 4669 283 4733 mendari.
306 4672 418 4753 ltaque
432 4673 628 4735 commendo
644 4675 699 4736 tibi
714 4673 881 4734 hominem
904 4692 1090 4753 precorque,
1114 4682 1149 4734 ut
1171 4690 1247 4733 eum
1262 4681 1295 4733 et
1311 4673 1449 4753 benigne
1472 4669 1584 4732 audias

129 4787 161 4839 et
184 4795 301 4839 causae
323 4796 408 4852 suae,
432 4788 590 4856 quantum
612 4797 670 4857 per
694 4781 742 4840 ius
764 4779 1025 4858 aequitatemque
1047 4776 1162 4851 licebit,
1186 4775 1281 4838 adsis.
1305 4775 1408 4856 Quale
1431 4774 1462 4836 id
1478 4784 1583 4837 totum

129 4882 178 4955 sit,
207 4899 251 4943 ex
274 4900 315 4943 eo
337 4899 523 4965 cognosces.
558 4880 636 4943 Mihi
666 4893 752 4944 certe
775 4892 901 4965 gratum
926 4882 992 4956 erit,
1022 4882 1048 4942 si
1078 4881 1267 4944 intellexerit
1298 4860 1452 4941 Nicolaus
1478 4879 1584 4941 literas

129 5003 220 5047 meas
243 4985 303 5047 sibi
325 4983 514 5048 adiumento
537 4985 641 5048 fuisse.
665 4985 756 5047 Vale.
779 4985 830 5047 Ex
854 4985 1075 5063 Hassensteyn
1099 4985 1149 5048 27.
1172 4984 1370 5046 Decembris.

215 5170 365 5225 Ponevadi
376 5170 423 5226 ani
436 5172 630 5242 doporudence
649 5172 695 5225 ani
707 5171 770 5225 veci
785 5172 852 5241 jeho
871 5173 1015 5235 nezname,
1029 5171 1107 5225 nelze
1126 5170 1330 5240 poznamenati,
1345 5170 1388 5224 lei
1408 5168 1439 5222 le
1457 5168 1502 5221 list
1514 5169 1583 5236 pstm

126 5274 163 5327 po
180 5274 203 5312 r.
224 5255 300 5322 1498,
318 5258 433 5312 kterkho
450 5257 575 5312 Ambrot
592 5258 644 5312 stal
663 5277 694 5312 se
713 5258 972 5313 administratorem.

179 5377 278 5419 surm
297 5378 453 5429 premendv.
472 5379 568 5430 stupra·
581 5377 656 5422 druht-
673 5370 739 5420 culo.
755 5381 773 5421 l.
1395 5377 1428 5429 14
