3660 5850
788 123 880 185 1507.
1509 125 1559 180 tat

109 337 255 398 omnium
278 337 421 421 gentium
444 347 542 419 atque
565 340 732 401 nationum
761 341 885 422 legibus
908 339 1110 404 interdictum
1133 351 1190 416 est,
1220 339 1353 403 inauditi
1375 340 1559 405 iudicemur.

107 438 206 520 Quod
230 451 338 504 autem
361 444 593 524 epigrammata
616 462 688 504 mea
704 454 736 506 et
751 454 876 506 caetera
899 444 930 506 id
954 463 1056 527 genus
1080 463 1099 505 a
1121 464 1173 506 me
1196 465 1303 507 rursus
1326 446 1434 529 exigis,
1464 447 1559 508 vehe-

107 555 231 607 menter
252 548 357 620 miror,
380 564 456 608 nam
479 565 553 609 cum
576 547 632 608 tibi
655 551 763 609 omnia
786 546 931 623 debeam,
955 549 1018 609 hoc
1041 567 1149 621 uuum,
1172 551 1198 610 si
1221 548 1288 611 fieri
1311 552 1419 628 possit,
1440 569 1558 633 negare

105 647 221 710 vellem
243 649 287 710 ob
311 668 383 711 eam
406 649 564 713 duntaxat
587 670 726 726 causam,
757 652 845 733 quod
877 671 930 713 me
953 671 1109 733 nugarum
1137 671 1280 714 mearum
1303 652 1410 731 pudet.
1444 653 1560 734 Neque

107 753 193 828 enim
215 752 379 815 miniatula
401 773 474 816 cera
497 753 554 816 sed
577 759 712 837 spongia
736 756 886 838 indigent.
910 755 1073 835 Quoniam
1097 767 1203 819 tamen
1227 759 1269 818 ita
1285 758 1339 831 vis,
1361 756 1560 836 perfricanda

106 869 155 918 est
178 855 275 932 fronS,
304 857 363 920 sed
386 878 425 919 ea
447 857 526 942 lege,
556 869 592 920 ut
614 879 681 921 non
704 879 871 922 censorem
901 860 958 922 sed
990 863 1129 922 amicum
1158 871 1396 942 patronumque
1426 871 1457 923 te
1484 861 1560 924 mihi

106 973 247 1040 praestes
270 973 302 1024 et
324 963 556 1045 impudentiam
586 984 693 1026 meam
720 976 794 1027 tuae
820 967 1012 1047 pertinaciae
1042 966 1212 1029 adscribas
1247 965 1359 1027 Facito
1381 966 1494 1041 solum,
1525 978 1560 1029 ut

107 1064 292 1129 Plutarchus
322 1070 560 1147 quamprimum
590 1069 727 1152 Pragam
764 1072 935 1150 perveniat,
965 1079 996 1132 et
1025 1090 1087 1153 ego
1118 1071 1253 1133 vicissim
1283 1071 1412 1145 curabo,
1443 1081 1479 1133 ut
1509 1073 1561 1133 isti

109 1180 181 1232 tuae
211 1174 414 1251 importunae
442 1172 607 1252 cupiditati
636 1174 826 1255 propediem
855 1173 994 1237 satisfiat.
1026 1175 1115 1250 Vale,
1146 1177 1268 1255 optime
1298 1178 1340 1236 mi
1371 1173 1560 1258 Augustine.

108 1273 157 1336 Ex
182 1275 406 1356 Hassensteyn
428 1276 546 1341 XXVI.
570 1279 742 1341 Februarii.

193 1463 270 1517 Mitis
294 1463 394 1533 poloiil
418 1472 496 1519 tento
520 1465 566 1520 list
584 1483 620 1519 na
638 1483 659 1520 r.
680 1465 746 1520 1501
765 1466 861 1534 zajiste
886 1465 1049 1536 nesprdvne,
1070 1465 1154 1520 nebot
1173 1466 1298 1535 vsechny
1316 1484 1333 1519 v
1352 1465 1417 1520 lictu
1438 1466 1558 1521 dotdene

107 1550 245 1604 olrolnosti
262 1549 325 1617 jsou
343 1551 414 1622 proti
432 1559 510 1605 tomu
528 1552 650 1615 vrodeni,
664 1552 789 1621 zejmena
807 1554 902 1623 vyrolr,
915 1554 946 1607 ie
966 1554 1000 1607 od
1020 1553 1094 1606 krdle
1113 1553 1301 1607 Bohuslavovi
1319 1553 1440 1608 udineno
1452 1553 1558 1626 zadost,

103 1636 153 1691 coi
173 1637 334 1692 znamenati
353 1638 433 1692 mule
449 1638 505 1706 jen,
524 1638 556 1692 le
576 1640 611 1692 od
629 1657 650 1693 r.
673 1639 855 1694 1503d1uznt
879 1657 926 1694 mu
945 1641 1057 1709 vy'plata
1080 1657 1113 1694 za
1138 1639 1234 1694 slulbu
1258 1640 1299 1709 pii
1323 1640 1408 1695 dvole
1432 1641 1558 1694 ironecne

100 1724 239 1793 vyiizena
256 1723 320 1794 byla
337 1724 487 1794 plispEnlm
506 1722 689 1780 krilovslreho
714 1727 853 1781 seluetale
872 1726 1036 1795 Augustina.
1066 1727 1161 1780 Tlmto
1179 1728 1269 1781 listem
1294 1727 1407 1795 umllrajl
1426 1726 1493 1781 tout
1513 1728 1558 1782 lro·

98 1813 195 1864 necne
215 1812 292 1865 daste
311 1811 437 1864 stlinosti
456 1812 652 1882 Bohuslavovy
671 1831 688 1866 v
706 1812 734 1866 te
753 1813 866 1881 pilcine.
896 1797 935 1867 Ze
954 1812 1051 1867 laloba
1074 1830 1110 1866 na
1131 1812 1281 1883 odbojnllry
1299 1832 1316 1866 v
1335 1813 1399 1868 listu
1419 1813 1558 1868 obsalena

93 1900 170 1967 tyla
189 1916 221 1952 se
241 1901 369 1952 mettani
387 1898 582 1968 Kadanskvch,
600 1898 718 1953 aemule
736 1898 795 1968 byti
813 1898 970 1969 pochybno,
990 1901 1032 1953 ale
1051 1899 1201 1970 pochybno
1219 1899 1342 1964 zirstaul,
1360 1899 1454 1970 hylo-li
1473 1901 1558 1969 privo

89 2074 195 2126 necue
215 2072 356 2126 Bohuslav
374 2071 494 2131 obdrlel.

801 2375 870 2442 137.

407 2529 627 2607 Bohuslav
655 2529 868 2607 Geilerovi
894 2556 918 2606 z
942 2528 1258 2628 Kaisersberga.

192 2721 214 2778 Ζ
235 2718 389 2778 ΗιείὖῑοΙηα
407 2720 499 2788 (1507)
512 2751 540 2759 -
558 2721 595 2778 10.
615 2718 722 2778 hiezita.
741 2718 891 2789 Vyslovuje
910 2721 1036 2789 potelenl
1054 2738 1070 2774 z
1088 2720 1264 2774 obdrieneho
1282 2719 1356 2783 lietu,
1373 2719 1502 2789 zpomlnd
1521 2736 1557 2773 na

76 2807 254 2862 neboitllra
271 2808 366 2876 piltele
380 2808 497 2862 Schotta
514 2826 531 2862 a
549 2806 647 2875 deltuje
665 2825 698 2861 za
716 2807 853 2877 platelske
872 2808 1005 2876 smpileni
1018 2808 1174 2861 Geilerovo.
1192 2807 1295 2861 Nailka
1312 2825 1348 2861 na
1366 2809 1409 2876 zly'
1422 2814 1482 2860 stav
1495 2807 1557 2862 veel

75 2909 113 2947 v
134 2882 284 2960 Cechdch,
301 2896 405 2948 zvladte
430 2913 466 2949 na
490 2894 637 2962 amabajicl
661 2911 691 2947 se
715 2894 855 2947 lracllstvi.
886 2893 992 2962 Dekuje
1011 2911 1044 2948 za
1062 2894 1195 2962 poslanou
1219 2892 1313 2958 lrnihu,
1333 2893 1341 2946 ἰ
1359 2894 1473 2963 poroudi
1491 2893 1557 2948 sebe

76 2980 278 3046 modlitbtim,
296 2980 449 3035 dorutitele
467 2981 520 3051 pal(
538 2981 602 3035 listu
620 2981 707 3050 pllzni
727 2980 881 3037 Geilerove.
900 2982 980 3050 (Luc.
994 2980 1063 3049 100.)

192 3155 374 3221 Clarissimo
397 3161 464 3220 viro
488 3158 622 3222 domino
641 3157 756 3240 joanni
779 3159 821 3221 de
844 3159 1067 3241 Keysersberg
1089 3169 1149 3222 etc.
1172 3179 1196 3220 s
1219 3178 1250 3239 p.
1267 3157 1296 3220 d.
1319 3158 1452 3232 Literae,
1475 3177 1557 3238 quas

73 3263 141 3326 ad
169 3281 225 3324 me
247 3261 369 3336 dedisti,
393 3264 452 3324 etsi
474 3264 644 3342 perbreves
667 3263 802 3337 luerunt,
826 3262 956 3324 mirifice
980 3273 1088 3324 tamen
1112 3281 1164 3322 me
1183 3262 1387 3324 delectarunt.
1415 3261 1558 3323 Intellexi

72 3368 190 3431 enim
216 3385 258 3427 ex
280 3366 330 3428 his
353 3366 427 3428 nihil
451 3377 483 3427 te
506 3387 548 3429 ex
570 3367 666 3428 veteri
697 3365 812 3428 aflectu
839 3386 915 3449 erga
939 3386 991 3427 me
1014 3367 1171 3429 remisisse
1198 3384 1303 3445 neque
1325 3376 1448 3427 tantam
1470 3365 1557 3427 loco

72 3490 176 3535 rum
199 3482 450 3551 temporumque
475 3471 744 3550 intercapedinem
772 3471 896 3532 efficere
919 3472 1069 3550 potuisse,
1104 3480 1139 3535 ut
1165 3473 1228 3531 mci
1251 3470 1486 3532 obliviscereris.
1520 3468 1557 3531 ld
1634 3477 1636 3481 ’

67 3577 180 3639 mihi
205 3574 345 3655 perinde,
367 3585 403 3636 ut
424 3574 531 3650 debet,
554 3585 681 3657 gratum
704 3585 936 3656 acceptumque
959 3586 1022 3650 est;
1045 3577 1141 3637 subiit
1164 3577 1261 3638 etiam
1283 3573 1379 3637 simul
1400 3576 1556 3636 memoria

71 3678 188 3744 Petri
212 3682 276 3741 mei
290 3677 423 3754 Sehotti,
446 3680 536 3742 cuius
557 3679 740 3742 dulcissima
763 3679 964 3742 consuetudo
980 3691 1078 3761 atque
1100 3678 1291 3741 familiaritas
1305 3696 1433 3756 semper
1448 3676 1557 3738 haeret

70 3783 314 3865 haerebitque
336 3785 446 3846 animo
468 3803 551 3859 meo,
581 3794 679 3865 atque
709 3784 802 3860 adeo,
824 3794 860 3846 ut
882 3784 932 3845 vel
954 3787 985 3845 in
1008 3785 1149 3847 adversis
1179 3785 1246 3845 eius
1276 3783 1459 3844 meminisse
1481 3781 1557 3843 mihi

68 3889 257 3951 solatium
280 3891 329 3952 sit.
363 3886 413 3950 Te
442 3899 551 3951 autem
581 3907 702 3967 precor,
732 3900 767 3952 ut
797 3908 978 3968 perseveres
1008 3891 1039 3951 in
1067 3889 1130 3951 hoc
1152 3888 1193 3950 de
1217 3907 1269 3949 mc
1299 3885 1416 3949 iudicio
1439 3902 1557 3965 meque

64 3994 238 4077 (lignum
261 3994 433 4068 existimes
463 4012 562 4073 quem
591 3995 624 4054 in
648 4013 783 4056 numero
806 4004 933 4055 tuomm
957 3993 1093 4055 habeas:
1122 3991 1148 4055 si
1173 3993 1257 4054 enim
1279 3990 1312 4053 id
1336 3993 1556 4070 impetravero

68 4098 304 4162 fortunatum
327 4116 379 4158 me
403 4098 582 4160 arbitrabor
604 4109 636 4160 et
658 4099 828 4159 amicitiam
851 4108 940 4159 tuam
970 4097 1121 4159 omnibus
1151 4094 1260 4159 Croesi
1283 4094 1556 4175 Sardanapalique

70 4202 221 4265 divitiis
242 4211 446 4282 anteponam.
479 4199 581 4282 Spero
603 4203 686 4263 enim
710 4202 858 4275 futurum,
888 4212 924 4264 ut
946 4200 1096 4263 dominus
1122 4200 1310 4262 immortalis
1339 4201 1401 4261 tuis
1427 4200 1557 4261 sanctis-

71 4308 193 4369 simis
216 4305 364 4385 precibus
386 4304 510 4367 vincula
531 4318 738 4384 peccatorum
761 4325 909 4369 meorum
936 4306 1087 4368 dissolvat
1110 4316 1142 4367 et
1164 4306 1243 4367 inter
1265 4306 1394 4387 regulos
1416 4306 1557 4383 scorpio

71 4428 229 4491 tresque
250 4410 422 4494 degentem
445 4429 503 4472 sua
526 4408 641 4472 dextra
662 4421 811 4492 protegat
834 4421 865 4472 et
885 4420 1018 4472 tueatur.
1042 4410 1133 4472 Peius
1156 4412 1249 4484 enim,
1273 4427 1370 4490 quam
1386 4411 1556 4490 quisquam

71 4515 237 4579 eredere
259 4518 375 4599 possit,
400 4535 450 4578 res
476 4514 569 4577 huius
591 4517 772 4595 provinciae
795 4512 854 4598 (se)
882 4514 1009 4589 habent
1036 4534 1103 4576 non
1129 4513 1234 4577 solum
1262 4512 1350 4594 quod
1373 4511 1557 4575 domesticis

75 4620 317 4682 seditionibus
338 4620 523 4681 laborantes
538 4630 708 4681 externum
724 4639 855 4700 quoque
871 4617 997 4692 bellum,
1021 4619 1076 4679 ubi
1091 4617 1212 4679 vicinae
1231 4619 1375 4679 nationes
1391 4616 1556 4696 paululum

80 4727 288 4806 quieverint,
318 4726 477 4799 timemus,
506 4725 564 4788 sed
588 4727 683 4787 etiam
706 4723 796 4803 quod
819 4735 867 4787 tot
890 4723 1037 4785 haereses
1064 4720 1207 4802 quotidie
1230 4720 1393 4800 pullulant,
1419 4731 1454 4783 ut
1477 4732 1556 4782 tem·

80 4845 184 4908 pora
214 4829 266 4892 illa
291 4828 423 4911 joannis
450 4829 523 4893 Hus
552 4843 583 4893 et
610 4829 748 4904 Wilriefi,
779 4848 862 4909 quae
892 4829 939 4888 avi
972 4827 1072 4887 nostri
1102 4837 1269 4907 tantopere
1297 4825 1443 4888 detestati
1473 4835 1556 4898 sunt,

83 4938 221 4998 nostris
243 4946 431 5013 comparata
453 4954 548 4996 aurea
570 4935 666 4995 fuisse
688 4934 861 4995 videantur.
895 4933 1008 5013 Neque
1031 4943 1139 4994 tamen
1162 4932 1210 4993 his
1233 4930 1323 4992 malis
1346 4929 1443 4992 ullum
1468 4928 1556 4990 adhi-

88 5035 199 5103 betur
222 5039 411 5102 remcdium.
435 5038 520 5100 Nam
543 5051 574 5101 et
590 5049 741 5118 pastores,
765 5058 847 5118 quos
870 5058 928 5118 pro
952 5056 1049 5119 grege
1065 5036 1186 5120 domini
1210 5037 1369 5097 excubare
1385 5044 1556 5113 oporteret,
