3660 5850
881 1483 949 1545 194.

584 1637 664 1731 Jan
693 1616 863 1711 dlechta
885 1636 994 1730 Janu
1023 1636 1233 1711 Sturnovi.

272 1825 291 1879 Ζ
312 1824 433 1882 1108111111
453 1841 477 1881 n.
497 1823 524 1880 l..
543 1826 707 1880 1511-24.
727 1828 819 1881 itnura.
842 1823 956 1891 Deiruje,
975 1825 1006 1877 ie
1026 1843 1039 1876 s
1058 1825 1177 1877 takovou
1196 1824 1290 1893 pietou
1308 1824 1398 1879 sebral
1415 1842 1433 1878 a
1450 1825 1570 1878 uchoval
1589 1829 1634 1878 nk-

186 1912 261 1964 lrtere
280 1911 365 1980 potud
384 1911 530 1980 nevydane
548 1913 625 1981 spisy
643 1911 796 1980 pleddasne
815 1911 973 1964 zeml‘eleho
991 1912 1158 1965 Bohuslava.
1176 1911 1259 1964 lradl
1278 1928 1334 1974 mu,
1346 1911 1401 1981 sby
1420 1911 1538 1966 centurii
1556 1911 1636 1965 basnl

186 1998 273 2066 svych
296 2015 387 2051 znova
412 1998 479 2051 krali
504 2000 622 2051 vilnoval
647 2015 664 2051 a
687 1999 860 2068 epigrammy
879 1999 1075 2068 Bohuslavovy
1100 1998 1202 2068 plidal:
1226 1998 1325 2068 piidinl
1348 2000 1399 2067 pry
1423 2016 1462 2062 se,
1481 1998 1536 2067 aby
1559 2015 1593 2052 za
1609 2006 1639 2052 to

186 2085 279 2137 slusne
299 2086 419 2154 odmlny
438 2086 473 2138 od
492 2086 566 2138 lirale
591 2103 621 2138 se
647 2103 693 2138 mu
718 2086 834 2138 dostaio.
862 2069 937 2138 ths
962 2085 1096 2148 huncine,
1118 2085 1172 2154 aby
1192 2103 1239 2138 mu
1263 2103 1280 2138 u
1305 2085 1379 2154 pinu
1404 2085 1637 2154 Hasisteinskych

185 2172 299 2240 vymohl
318 2171 462 2240 zapujtenl
480 2172 611 2241 rukopisu
629 2172 717 2241 Jillho
736 2172 989 2241 Trapezuntskeho.
1009 2173 1093 2240 (Farr.
1112 2188 1203 2241 poem.
1223 2189 1239 2225 v
1258 2172 1438 2240 ptedmluvd.)

270 2348 409 2429 Joannes
431 2347 576 2411 Sslechta
599 2368 642 2410 ex
658 2348 815 2411 Wssehrd
838 2369 897 2411 suo
917 2349 1031 2430 Joanni
1054 2347 1215 2413 Sturnos.
1232 2348 1263 2412 d.
1287 2348 1444 2411 Redditae
1468 2361 1542 2412 sunt
1562 2350 1641 2412 mihi

187 2453 295 2513 literae
317 2463 399 2525 tuae,
423 2455 467 2513 mi
489 2450 606 2514 Sturne
630 2453 821 2525 charissime,
844 2473 933 2515 nono
958 2452 1027 2514 Kal.
1051 2452 1164 2527 Martii,
1188 2472 1269 2533 quas
1292 2452 1406 2515 diebus
1426 2454 1643 2532 superioribus

186 2554 343 2638 Gregorio
358 2558 552 2618 consobrino
569 2575 643 2617 meo
659 2558 817 2635 scripsisti.
840 2556 891 2618 Ex
907 2556 956 2618 his
971 2557 1111 2619 intellexi
1134 2557 1253 2619 habere
1268 2570 1300 2620 te
1315 2557 1488 2620 nonnullos
1504 2556 1644 2620 necdum

188 2658 289 2721 editos
311 2672 367 2722 aut
389 2660 570 2740 publicatos
594 2661 693 2722 libros
715 2660 867 2723 Bohusiai
890 2660 1056 2741 quondam
1080 2664 1187 2736 nostri,
1210 2644 1376 2743 nunquam
1399 2663 1476 2724 mihi
1498 2664 1566 2725 sine
1586 2662 1649 2724 ho-.

188 2764 318 2826 notifica
342 2766 580 2843 nuncupatione
613 2765 821 2828 memorandi.
857 2762 955 2827 Cuius
978 2784 1039 2846 ego
1061 2768 1266 2828 immaturam
1297 2785 1339 2828 ex
1361 2766 1422 2829 hac
1443 2770 1506 2829 vita
1529 2768 1643 2851 migra-

189 2870 308 2930 tionem
331 2872 399 2931 sine
422 2872 563 2932 maxima
579 2871 676 2932 animi
697 2871 870 2933 acerbitate
887 2871 965 2931 serre
981 2889 1046 2931 non
1063 2888 1213 2949 possum;
1236 2872 1362 2951 quoties
1384 2890 1504 2951 nempe
1523 2873 1642 2933 suavis-

190 2975 301 3034 simam
334 2976 402 3035 eius
439 2974 718 3049 consuetudinem,
752 2973 936 3037 eruditionis
974 2974 1207 3049 excellentiam,
1241 2977 1391 3037 virtutum
1433 2973 1640 3055 splendorem

191 3081 349 3158 vitamque
371 3096 503 3140 omnem
526 3078 702 3141 honestatis
724 3092 755 3141 et
778 3080 951 3159 sapientiae
977 3077 1105 3159 plenam
1128 3090 1160 3141 et
1182 3098 1338 3153 amorem,
1368 3098 1434 3158 quo
1458 3097 1510 3140 me
1533 3097 1642 3158 prose·

192 3183 345 3261 quebatur
360 3181 515 3264 singulari,
540 3203 667 3245 mecum
682 3195 805 3262 reput0,
829 3185 924 3245 toties
938 3204 957 3245 a
972 3184 1107 3245 lacrimis
1122 3193 1299 3261 temperare
1322 3201 1457 3263 nequeo.
1480 3181 1546 3245 Sed
1562 3181 1640 3244 dum

192 3305 295 3346 rursus
317 3284 487 3347 considero
511 3287 586 3348 nihil
608 3290 637 3348 ei
657 3287 731 3349 mali
753 3286 914 3362 accidisse,
937 3286 1026 3368 quod
1043 3287 1167 3349 solutus
1190 3287 1283 3348 huius
1306 3289 1439 3348 miserae
1454 3290 1536 3349 vitae
1551 3287 1640 3348 labo

192 3391 272 3451 ribus
300 3392 331 3450 in
354 3389 483 3453 alterius
505 3393 588 3451 vitae
618 3390 876 3472 tranquillitatem
907 3391 1202 3469 beatitudinemque
1232 3393 1433 3464 concesserit,
1463 3394 1640 3452 existimavi

191 3511 252 3554 non
275 3512 347 3555 esse
370 3494 424 3555 viri
447 3497 599 3572 sapientis
621 3513 726 3575 neque
749 3495 906 3557 moderati
921 3506 1032 3556 nostro
1055 3493 1168 3556 dolore
1191 3493 1312 3555 alienae
1329 3495 1465 3556 felicitati
1486 3504 1640 3575 tanquam

190 3598 406 3672 subinvidere;
438 3618 543 3679 neque
573 3602 706 3661 omnino
737 3599 822 3660 aliud
850 3618 979 3679 sperare
1010 3617 1153 3677 possum,
1185 3617 1283 3679 quam
1313 3596 1402 3678 quod
1432 3617 1492 3679 pro
1521 3616 1579 3658 sua
1609 3601 1640 3659 in

188 3698 294 3764 Deum
317 3714 350 3764 et
372 3714 503 3765 sanctos
525 3706 593 3766 eius
616 3707 733 3785 pietate
757 3724 793 3765 ac
815 3703 987 3766 devotione
1010 3721 1133 3782 proque
1156 3704 1239 3762 vitae
1261 3703 1441 3783 integritate
1463 3721 1501 3762 ea
1524 3700 1641 3783 gaudia

184 3818 380 3868 consecutus
402 3809 451 3881 sit,
474 3827 557 3887 quae
580 3810 639 3886 piis
662 3818 694 3870 et
716 3808 882 3869 virtutibus
905 3806 1065 3868 decoratis
1086 3817 1198 3885 parata
1220 3818 1253 3867 et
1276 3804 1432 3884 deputata
1453 3816 1535 3867 sunt.
1566 3804 1640 3867 Tibi

183 3922 305 3986 autem,
328 3913 372 3972 mi
395 3910 520 3985 Stume,
550 3931 684 3994 magnas
707 3912 813 3974 habeo
836 3930 966 3994 agoque
989 3912 1114 3992 gratiaS,
1143 3909 1232 3991 quod
1255 3920 1380 3971 tantum
1402 3928 1497 3970 curae
1519 3920 1552 3971 et
1574 3909 1642 3971 dili·

184 4017 314 4094 gentiae
330 4015 532 4094 impenderis,
555 4029 591 4079 ut
607 4036 690 4098 quos
706 4017 804 4078 libros
819 4018 887 4077 eius
902 4018 967 4078 sive
982 4017 1120 4077 carmine
1136 4017 1202 4076 sive
1217 4013 1322 4075 soluta
1337 4016 1482 4075 oratione
1497 4013 1641 4092 scriptos,

184 4118 328 4181 necdum
351 4131 458 4182 tamen
474 4122 505 4181 in
520 4120 625 4182 lucem
641 4123 782 4195 emissos,
806 4123 946 4182 invenire
969 4121 1108 4198 potuisti,
1131 4137 1245 4180 omnes
1267 4117 1439 4200 collegeris.
1463 4116 1533 4180 Nisi
1555 4121 1641 4178 enim

186 4221 349 4305 diligentia
372 4235 404 4286 et
426 4244 502 4286 cura
525 4237 580 4287 tua
603 4225 635 4287 id
658 4228 820 4305 provisum
851 4235 882 4285 et
906 4224 1058 4285 effectum
1080 4223 1197 4298 fuisset,
1226 4242 1345 4298 vereor,
1373 4242 1415 4284 ne
1437 4225 1564 4302 penitus
1586 4234 1641 4285 aut
1679 4208 1682 4213 ¹

186 4326 322 4407 neglecti
346 4328 491 4405 perirent,
515 4340 570 4391 aut
592 4331 634 4390 ab
650 4329 717 4390 aliis
740 4329 875 4407 surrepti
891 4327 998 4389 titulos
1021 4328 1171 4389 falsorum
1188 4338 1337 4388 autorum
1353 4325 1530 4402 induerent,
1552 4326 1641 4388 labo-

190 4449 323 4511 remque
346 4443 377 4491 et
401 4431 519 4493 samam
543 4434 604 4493 veri
629 4434 750 4493 autoris
773 4435 964 4494 amitterent.
995 4431 1094 4493 Fuisti
1117 4443 1152 4494 tu
1175 4432 1319 4512 prolecto
1344 4430 1507 4493 Bohuslao
1529 4441 1642 4493 nostro

191 4533 283 4608 idem,
306 4533 395 4615 quod
420 4534 591 4614 aliquando
614 4535 701 4614 Tyro
725 4535 768 4597 M.
791 4535 828 4596 T.
851 4532 1004 4608 Ciceroni,
1029 4555 1126 4617 quem
1149 4538 1207 4596 nisi
1230 4535 1282 4597 ille
1305 4534 1452 4597 libertum
1468 4535 1641 4609 habuisset,

195 4638 309 4700 multos
331 4659 416 4701 nunc
439 4640 540 4701 libros
562 4641 629 4700 eius
653 4639 919 4702 desideraremus:
943 4643 986 4702 ita
1009 4643 1067 4703 nisi
1090 4652 1123 4702 tu
1147 4643 1178 4701 in
1202 4642 1293 4701 amici
1315 4640 1413 4701 nostri
1429 4639 1640 4701 contubernio

194 4752 223 4802 et
244 4742 453 4806 familiaritate
476 4746 657 4818 mansisses
680 4755 788 4806 actum
812 4745 921 4806 luisset
945 4743 987 4805 de
1010 4744 1170 4805 nonnullis
1192 4747 1260 4806 eius
1283 4744 1376 4807 editis
1391 4743 1511 4807 libellis.
1535 4741 1642 4823 Quare

194 4845 245 4906 tibi
267 4866 326 4925 pro
348 4857 439 4909 tanto
463 4847 619 4909 beneficio
644 4847 744 4910 multa
766 4846 886 4909 debent
901 4867 1015 4910 omnes
1038 4848 1171 4910 studiosi
1189 4859 1220 4909 et
1237 4850 1395 4911 bonarum
1417 4849 1533 4910 artium
1556 4866 1643 4909 ama·

193 4958 286 5012 tores.
311 4951 376 5014 Ubi
399 4964 507 5014 autem
530 4953 697 5013 consilium
721 4972 829 5013 meum
853 4954 984 5033 requiris
1007 4953 1048 5013 de
1071 4952 1287 5032 nuncupanda
1309 4952 1417 5015 denuo
1433 4953 1576 5014 centuria
1590 4951 1642 5013 illa

194 5063 244 5116 tua
267 5053 427 5117 Maiestati
450 5055 579 5138 Regiae,
612 5075 710 5137 quam
740 5075 826 5117 anno
850 5058 1004 5136 superiori
1035 5055 1221 5119 Celsitudini
1255 5055 1341 5120 Suae
1363 5056 1575 5131 dedicaveras,
1603 5074 1643 5117 eo

195 5159 280 5238 quod
302 5178 387 5220 nunc
410 5160 511 5223 multo
534 5159 715 5242 diligentius
736 5163 900 5242 recognita
922 5171 954 5222 et
976 5161 1147 5222 emendata
1171 5172 1263 5237 esset,
1290 5181 1387 5241 quam
1411 5161 1443 5223 id
1466 5161 1553 5240 prius
1576 5160 1642 5221 fieri

194 5275 346 5340 potuerat,
379 5266 427 5324 cui
457 5267 554 5326 etiam
582 5264 755 5347 adiungere
782 5264 878 5327 velles
908 5268 1139 5346 epigrammata
1168 5269 1339 5329 memorati
1361 5268 1454 5328 amici
1477 5267 1586 5340 nostri,
1618 5267 1643 5326 si
