3660 5850
843 368 937 436 1507.
1566 369 1616 427 111

167 586 307 651 'ortunae
329 609 422 652 casus
444 592 667 670 composuisse
682 589 822 664 videbar,
844 591 965 670 patriae
988 587 1134 669 periculis
1157 589 1338 672 exagitatus
1357 588 1383 650 si
1398 605 1464 649 non
1486 606 1617 668 prorsus

167 694 453 756 ›erturbationibus
476 695 662 767 succumbo,
685 703 718 755 at
740 705 826 756 certe
841 695 1024 777 gravissime
1046 695 1218 756 concutior.
1241 691 1419 773 Deplorare
1434 690 1514 753 haec
1529 692 1617 770 apud

168 817 189 858 e
205 797 307 872 libuit,
330 798 525 873 Bernharde;
549 798 829 878 quemadmodum
849 801 933 860 enim
955 798 1068 873 ulcera,
1091 799 1146 860 ubi
1162 816 1224 877 pus
1238 799 1425 877 saniemque
1448 797 1617 870 emiserint,

167 904 267 964 ninus
289 902 448 985 affligunt:
471 905 515 966 ita
538 914 569 964 et
592 904 690 963 animi
712 901 826 977 affecti,
849 903 904 964 ubi
925 922 998 965 sese
1013 902 1099 982 apud
1123 903 1245 964 amicos
1268 900 1391 964 nudant
1406 910 1439 962 et
1454 900 1616 984 detegunt,

167 1008 271 1099 rescio
293 1007 461 1087 quomodo
480 1005 714 1084 tranquilliores
739 1005 925 1070 redduntur.
949 1006 1040 1069 Vale.
1060 1006 1111 1068 Ex
1135 1006 1359 1085 Hassensteyn
1383 1007 1434 1071 20.
1457 1004 1616 1068 Octobris.

248 1159 379 1228 Dotdeny
398 1176 434 1212 na
452 1159 572 1228 poddtlru
591 1158 644 1222 list,
658 1159 736 1227 lrtery
750 1159 891 1212 Bohuslav
905 1160 1094 1213 Bemhardovi
1112 1159 1208 1229 poslal,
1225 1159 1279 1228 jest
1297 1158 1394 1226 zajiste
1411 1158 1462 1212 nait
1474 1158 1616 1227 plededly'3

167 1263 188 1298 ze
210 1246 287 1298 dvou
306 1247 540 1315 Bernhardovy'ch
560 1246 643 1314 jeden
660 1246 714 1314 jest
734 1246 784 1298 144
803 1247 909 1299 naleho
928 1246 1038 1316 vydanl.
1067 1247 1193 1301 vileant
1212 1254 1292 1300 stavu
1310 1246 1373 1299 veel
1395 1245 1517 1314 deskych
1536 1245 1617 1299 uliud

167 1333 305 1473 3ohgslav
322 1333 406 1402 ty'chl
424 1334 507 1386 skoro
531 1335 600 1396 slov,
616 1332 691 1400 jichi
715 1333 762 1402 byl
784 1332 875 1401 poulil
894 1351 911 1385 v
930 1333 993 1386 listu
1016 1332 1072 1396 131,
1091 1333 1207 1401 ρεειιόιη
1227 1332 1367 1386 Geilerovi
1385 1316 1402 1386 i
1419 1331 1619 1400 Kaisersberga

167 1420 195 1472 lo
238 1419 393 1474 trasburlru.

861 1615 932 1678 147.

465 1733 685 1808 Bohuslav
713 1733 965 1808 Bernhardu
993 1733 1318 1808 Adelmannovi.

251 1886 271 1943 Ζ
286 1885 626 1955 Η8311101118115117)-8.
640 1901 712 1958 pros.
732 1887 801 1940 Sdlli
820 1906 833 1940 s
846 1887 904 1941 nim
923 1887 1066 1941 zdrmutelr
1085 1887 1139 1940 nad
1158 1886 1294 1955 ripadlrem
1314 1888 1419 1950 mravd,
1432 1885 1474 1938 ale
1495 1903 1511 1937 o
1526 1885 1621 1938 clrlrev

167 1990 191 2025 re
212 1972 315 2040 nebojl.
334 1973 414 2038 (Luc.
435 1972 493 2038 131,
512 1973 663 2042 Vinaliclry
682 1973 735 2041 92.)

252 2114 437 2176 Bernhardo
453 2135 513 2176 suo
530 2115 737 2177 Adelrnanno
760 2136 785 2179 s.
802 2134 832 2194 p.
849 2115 879 2177 d.
902 2113 987 2197 Angi
1010 2127 1041 2178 te
1065 2116 1288 2194 improborum
1311 2115 1454 2177 moribus
1473 2125 1506 2177 et
1520 2115 1620 2177 eccle-

167 2222 230 2281 siae
246 2231 377 2280 sanctae
393 2219 572 2281 admodum
591 2233 733 2282 metuere
752 2217 859 2281 literae
882 2231 956 2282 tuae
980 2219 1136 2281 indicant:
1159 2221 1275 2281 acerbe
1291 2219 1321 2281 id
1338 2219 1413 2294 lero,
1429 2221 1489 2282 etsi
1503 2222 1621 2299 pietate

167 2343 220 2385 :ua
243 2322 392 2384 delector.
424 2321 489 2386 Sed
513 2323 590 2403 quid
613 2323 727 2406 agam?
754 2321 947 2386 Conaborne
972 2324 1132 2386 medelam
1160 2323 1263 2386 dolori
1286 2335 1344 2386 tuo
1366 2323 1528 2399 adhibere,
1551 2327 1620 2403 ipse

167 2447 194 2488 n
220 2428 322 2501 simili,
345 2437 379 2488 ut
402 2447 503 2508 nuper
530 2427 572 2489 ad
595 2439 626 2490 te
656 2429 773 2507 scripsi,
796 2428 993 2510 aegritudine
1022 2430 1222 2503 constitutus,
1245 2447 1286 2489 an
1310 2440 1416 2491 tecum
1447 2430 1554 2507 potius
1576 2428 1620 2490 la·

167 2532 317 2611 :hrymas
332 2533 483 2608 miscebo,
499 2544 543 2607 ur,
560 2537 713 2612 quoniam
730 2534 820 2595 aliter
843 2553 907 2594 non
932 2552 1114 2611 possumus,
1131 2531 1206 2593 fletu
1223 2531 1335 2594 saltem
1351 2533 1477 2593 animos
1493 2544 1621 2594 nostros

167 2634 349 2697 huiusmodi
365 2637 447 2697 curis
469 2635 620 2697 levemus.
643 2634 677 2699 Si
700 2657 817 2717 nempe
840 2641 961 2716 patriae
979 2649 1213 2718 parentumque
1228 2636 1460 2699 calamitatibus
1476 2655 1620 2698 commo·

167 2741 230 2801 reri
253 2751 286 2801 et
308 2740 457 2801 laudatur
486 2752 517 2802 et
547 2743 636 2819 pium
667 2741 830 2816 iudicatur,
854 2741 955 2804 multo
986 2741 1131 2821 proiecto
1161 2740 1352 2803 laudabilius
1381 2743 1439 2803 erit
1461 2740 1620 2822 religionis

167 2855 297 2906 nostrae
320 2845 466 2923 periculis
488 2846 703 2925 ingemiscere,
727 2846 860 2926 quando
890 2848 950 2908 iam
982 2865 1023 2907 eo
1054 2846 1152 2908 ferme
1173 2857 1305 2908 ventum
1331 2856 1388 2921 est,
1412 2856 1445 2907 ut
1469 2866 1488 2906 a
1510 2846 1620 2924 planta

167 2948 257 3030 pedis
272 2947 433 3028 usquead
448 2950 597 3009 verticem
613 2949 725 3029 capitis
741 2969 798 3028 per
820 2952 942 3032 singula
959 2951 1104 3012 membra
1119 2950 1250 3011 laboret.
1273 2948 1443 3012 Caeterum
1459 2962 1622 3029 utcunque

167 3072 200 3115 se
224 3055 285 3113 ista
308 3052 437 3125 habent,
461 3051 510 3113 ille
533 3063 641 3115 tamen
673 3072 777 3115 errare
807 3074 873 3115 non
904 3057 1028 3134 poterit,
1052 3056 1106 3133 qui
1128 3057 1187 3117 ait:
1223 3054 1339 3129 »Petra
1362 3055 1472 3136 rogavi
1499 3064 1621 3132 prote,

167 3167 200 3217 nt
225 3156 308 3218 fides
333 3169 385 3218 tua
408 3176 476 3217 non
499 3155 654 3231 deficiat«,
678 3167 709 3218 et
732 3157 824 3221 divus
849 3158 986 3222 Hilarius
1016 3161 1182 3240 proprium
1212 3178 1284 3221 esse
1310 3157 1471 3232 ecclesiae,
1495 3169 1529 3218 ut
1553 3167 1621 3218 tum

167 3266 281 3334 vincat,
296 3280 371 3322 cum
393 3259 538 3334 laeditur,
562 3273 630 3323 tum
655 3262 805 3337 obtineat,
829 3282 902 3324 cum
926 3263 1090 3324 deseritur.
1114 3260 1208 3325 Certe
1231 3282 1330 3344 quam
1352 3272 1402 3326 tot
1425 3264 1558 3341 tyranni,
1574 3272 1623 3324 tot

167 3367 318 3427 haereses
339 3376 481 3426 evertere
504 3364 580 3425 olim
604 3384 669 3427 non
692 3378 874 3445 potuerunt,
891 3369 991 3429 nostri
1015 3386 1145 3446 quoque
1168 3366 1266 3428 seculi
1290 3368 1477 3444 perversitas
1494 3365 1623 3426 minime

167 3479 277 3531 vertet.
302 3467 427 3548 Quodsi
449 3489 560 3531 verum
584 3469 672 3530 fateri
695 3470 852 3546 volumus,
877 3472 960 3532 bene
984 3472 1153 3532 nobiscum
1175 3474 1287 3552 agitur,
1304 3470 1393 3552 quod
1417 3469 1623 3551 indulgentis-

167 3576 269 3635 simus
291 3573 341 3634 ille
364 3585 454 3652 pater
483 3592 589 3653 neque
612 3584 659 3635 tot
683 3574 856 3636 sceleribus
886 3578 1002 3637 nostris
1032 3586 1226 3654 provocatus
1252 3576 1500 3637 misericordiam
1530 3593 1623 3634 suam

168 3699 186 3739 a
210 3678 307 3740 nobis
329 3678 440 3751 aufert,
464 3677 521 3739 sed
545 3690 578 3740 ut
602 3677 721 3740 liberos
743 3695 857 3756 parum
881 3679 1137 3741 benefacientes
1163 3680 1296 3762 castigat
1318 3678 1503 3758 mavultque
1525 3677 1566 3739 ad
1590 3697 1624 3740 se

168 3782 271 3844 redire
301 3800 399 3862 quam
431 3783 539 3860 perire.
575 3781 701 3861 Nempe
733 3794 767 3844 ut
797 3782 922 3856 ferrum,
946 3784 1005 3844 nisi
1034 3795 1209 3856 exercetur,
1232 3784 1345 3864 rubigo
1376 3784 1550 3844 consumit:
1581 3783 1623 3843 ita

169 3887 318 3948 homines
340 3887 399 3947 nisi
422 3885 617 3965 quotidianis
644 3885 774 3967 flagellis
803 3887 998 3961 erudiuntur,
1022 3890 1075 3948 vix
1098 3890 1128 3947 in
1152 3887 1259 3949 ollicio
1281 3898 1479 3968 permanent.
1513 3884 1624 3965 Atque

170 3993 294 4053 utinam
329 4000 377 4052 tot
412 3989 501 4051 malis
536 3990 641 4051 edocti
676 3992 945 4068 resipisceremusl
987 3989 1053 4054 Sed
1084 3993 1192 4053 nescio
1222 3991 1390 4071 quomodo
1424 3990 1624 4052 Pharaonem

172 4098 274 4176 magis
296 4096 457 4156 imitamur
486 4114 583 4174 quam
607 4095 711 4156 David
741 4105 797 4156 aut
819 4094 961 4170 Paulum,
985 4106 1017 4158 et
1040 4114 1105 4156 non
1137 4095 1178 4156 de
1201 4098 1314 4157 virtute
1342 4098 1373 4157 in
1397 4096 1544 4156 virtutem
1566 4093 1624 4155 sed

171 4200 212 4262 de
235 4199 356 4260 scelere
379 4202 410 4261 in
434 4200 538 4261 scelus
568 4198 711 4278 quotidie
741 4200 869 4273 ruimus
893 4211 928 4262 ut
950 4200 1130 4262 timendum
1160 4201 1256 4261 nobis
1286 4201 1334 4274 sit,
1357 4202 1383 4261 si
1406 4219 1469 4280 qua
1493 4197 1625 4260 adversa

172 4307 319 4383 patimur,
343 4323 383 4365 ne
407 4306 508 4385 magis
530 4305 562 4364 in
584 4304 708 4365 initium
731 4322 857 4382 poenae
879 4323 978 4384 quam
1009 4316 1213 4383 peccatorum
1236 4304 1415 4366 remedium
1439 4305 1533 4365 nobis
1555 4306 1625 4364 sint.

171 4407 263 4481 Vale,
287 4407 380 4470 dulce
403 4427 513 4469 meum
536 4418 640 4487 caput.
664 4406 715 4468 Ex
740 4407 963 4486 llassensteyn
986 4408 1014 4470 6.
1038 4408 1233 4471 Decembris.

870 4669 940 4733 148.

473 4788 693 4864 Bohuslav
722 4788 973 4863 Bernhardu
1002 4788 1325 4863 Adelmannovi.

260 4944 362 5011 (15117.)
391 4943 493 4996 Nalllra
511 4960 547 4996 na
565 4944 717 5011 polrleslost
741 4947 846 5007 mravll,
862 4942 906 5012 jez
931 4944 980 5012 pri
1002 4941 1057 5010 jest
1081 4943 1124 4994 zlo
1143 4942 1213 4995 vetat
1240 4943 1290 4995 nei
1314 4942 1403 4995 atrata
1421 4941 1543 4994 cisalske
1563 4942 1628 4994 hod·

171 5029 255 5083 nosti.
286 5029 398 5099 Pllciny
416 5030 576 5099 pokleslosti
601 5031 628 5083 te
653 5030 773 5099 spatiuje
797 5048 814 5082 v
833 5029 992 5101 necinnqsti
1016 5046 1033 5082 a
1057 5029 1241 5081 rozmalilosti
1266 5028 1358 5081 lmliat
1383 5028 1533 5096 svetskych
1558 5045 1627 5081 ave

172 5118 310 5171 svlffictvi
329 5118 516 5171 duchovnlch.
535 5117 633 5171 Acholi
652 5117 740 5170 obava
759 5135 788 5170 se
808 5117 977 5185 nejhorllho,
991 5121 1072 5184 plece
1092 5117 1137 5168 rna
1156 5115 1247 5183 nadlji
1261 5133 1278 5166 v
1291 5115 1392 5168 udinne
1408 5114 1542 5183 modlitby
1555 5132 1627 5182 spra-

172 5205 330 5273 vedlivych.
358 5204 482 5274 Vybranl
501 5204 586 5272 strojb
606 5205 859 5272 mathematiclq'ch
880 5204 1043 5273 ponechava
1062 5201 1265 5255 Adelmannovi
1284 5220 1301 5255 a
1319 5200 1470 5270 poukazuje
1490 5218 1526 5253 na
1545 5202 1626 5270 koupi

172 5293 257 5345 zatlm
276 5291 461 5360 3021.(Luc.
481 5291 551 5356 140.)

223 5415 323 5457 Sblrlra
344 5412 481 5464 pramenll.
501 5413 595 5464 Slruplna
610 5413 683 5454 druht.
704 5405 762 5452 crsro
777 5414 795 5454 1.
1441 5411 1473 5461 12
