3660 5850
779 400 869 464 1497.
1471 443 1475 454 -
1515 404 1548 454 titt

99 637 163 699 qua
186 618 353 693 modestia,
377 621 544 700 aequitate,
573 621 688 682 iustitia
710 631 742 680 et
765 621 862 681 totius
884 621 966 680 vitae
989 621 1165 699 integritate
1195 617 1383 680 Bohemiam
1406 632 1548 680 nostram

99 721 374 798 adm'nistraveris,
406 735 502 803 atque
526 723 598 785 ideo
622 734 653 785 te
676 742 775 785 unum
799 726 943 784 omnium
967 723 1187 805 dignissimum
1212 723 1437 792 iudicaverunt,
1461 725 1550 784 cuius

99 827 203 889 virtuti
226 825 366 907 fideique
396 845 431 887 se
460 839 491 888 et
520 847 579 889 sua
601 829 710 889 omnia
740 829 966 906 permitterent,
996 847 1062 907 quo
1086 846 1161 909 rege
1188 838 1396 906 speraverunt
1419 847 1453 888 se
1476 841 1550 906 post

100 929 299 992 intolerabile
320 929 398 992 illud
421 932 531 1013 iugum
555 931 716 1011 aliquanto
730 928 769 1013 ¹¹)
803 933 1022 1010 respiraturos.
1060 931 1207 992 Forsitan
1230 934 1326 992 etiam
1350 930 1381 992 id
1404 930 1551 992 divinitus

10 1079 12 1084 -
99 1032 218 1096 factum
234 1045 290 1108 est,
306 1046 341 1096 ut
357 1037 405 1107 sit,
420 1036 475 1115 qui
490 1033 621 1098 tandem
644 1054 717 1096 vere
729 1032 767 1114 ¹⁹)
791 1035 986 1096 Pannoniam
1003 1037 1045 1096 ab
1061 1036 1255 1097 immanibus
1278 1035 1336 1096 illis
1360 1037 1551 1104 nationibus.

100 1137 303 1200 christianum
334 1141 522 1222 sanguinem
555 1149 723 1219 tantopere
752 1141 938 1213 sitientibus,
970 1149 1110 1200 tueretur
1138 1151 1169 1200 et
1203 1138 1402 1213 defenderet,
1432 1142 1552 1220 quique

101 1254 344 1323 persequeretur
372 1254 403 1304 et
435 1245 638 1307 ulcisceretur
670 1243 884 1306 miserandam
914 1263 1025 1305 necem
1055 1243 1220 1305 Wladislai
1251 1246 1333 1324 regis
1363 1246 1467 1323 patrui
1497 1247 1551 1318 tui,

100 1366 197 1428 quem
220 1347 388 1410 fortissime
409 1367 469 1427 pro
491 1347 555 1409 fide
578 1345 761 1411 orthodoxa
784 1347 987 1410 dimicantem
1011 1349 1136 1410 barbari
1159 1350 1218 1428 ipsi
1241 1351 1454 1412 extinxerunt.
1484 1347 1553 1410 Ad-

102 1453 253 1513 mirantur
275 1451 406 1531 quidem
429 1452 480 1514 alii
503 1465 534 1514 te
557 1464 605 1514 tot
628 1471 726 1535 regna
749 1471 832 1532 pene
855 1454 922 1513 sine
945 1455 1032 1514 omni
1056 1452 1155 1515 caede
1178 1455 1398 1536 sanguineque
1420 1455 1553 1532 acquisi-

99 1557 189 1631 visse,
212 1554 351 1635 populos
373 1555 484 1619 ditioni
500 1567 574 1619 tuae
590 1558 752 1618 subiectos
775 1569 974 1631 enumerant,
998 1557 1161 1636 proferunt
1178 1557 1273 1639 longe
1296 1558 1424 1638 lateque
1440 1568 1553 1638 patens

101 1660 285 1738 imperium:
309 1678 371 1742 ego
394 1679 470 1721 vero
493 1661 555 1722 alia
578 1660 680 1722 multo
704 1662 826 1722 maiora
849 1674 946 1742 atque
977 1659 1213 1722 admirabiliora
1238 1664 1266 1722 in
1291 1673 1322 1723 te
1345 1661 1447 1723 video.
1485 1659 1553 1740 Op-

101 1765 305 1845 pugnabatur
326 1764 493 1826 Pannonia
516 1762 734 1844 Bohemiaque
757 1765 944 1847 gravissimo
967 1764 1060 1836 bello,
1084 1765 1272 1826 laborabant
1295 1767 1449 1827 intestinis
1471 1764 1553 1826 sedi-

102 1868 249 1941 tionibus,
281 1887 370 1930 sacra
399 1868 595 1949 profanaque
627 1869 849 1940 miscebantur,
881 1871 1088 1931 vastabantur
1110 1872 1183 1950 agri,
1215 1868 1381 1931 fumabant
1404 1868 1551 1931 incendio

101 1973 167 2045 vici,
182 1970 303 2050 oppida
319 1972 534 2046 diruebantur,
552 1973 638 2035 nulla
653 1984 720 2035 erat
736 1973 842 2055 legum
855 1975 1038 2047 reverentia,
1051 1973 1156 2034 nullus
1173 1974 1324 2053 aequitati
1340 1975 1553 2034 innocentiae-

102 2095 166 2154 que
189 2076 293 2137 locus:
317 2095 355 2136 ea
378 2086 413 2138 tu
435 2079 543 2138 omnia
567 2076 752 2151 stabiliristi,
778 2078 907 2156 pacasn,
930 2087 962 2136 et
984 2079 1015 2138 in
1039 2095 1166 2138 summa
1189 2076 1414 2156 tranquillitate
1437 2077 1553 2139 consti·

100 2182 196 2252 ruisti,
219 2191 251 2241 et
274 2180 483 2243 ferocissimas
498 2181 556 2242 has
572 2181 653 2243 duas
676 2183 829 2254 nationes,
853 2199 1045 2260 semperque
1068 2180 1141 2241 belli
1159 2200 1257 2261 quam
1277 2181 1364 2259 pacis
1386 2180 1552 2254 avidiores,

100 2284 237 2346 docuisti
261 2284 347 2367 leges
377 2287 440 2365 pati
469 2304 574 2365 posse.
614 2285 711 2347 Nude
733 2285 813 2346 haec
837 2295 948 2357 tracto,
972 2283 1047 2345 nihil
1070 2303 1241 2366 exaggero
1265 2283 1357 2346 nullis
1380 2284 1553 2363 amplifica-

101 2390 242 2450 tionibus
265 2398 345 2462 utor,
369 2400 401 2450 et
424 2400 532 2451 tamen
555 2409 675 2463 vereor,
699 2409 740 2452 ne
764 2390 819 2451 tibi
843 2386 969 2450 fastidio
992 2389 1060 2450 sim.
1086 2388 1162 2450 Scio
1185 2388 1271 2449 enim
1294 2399 1441 2451 naturam
1464 2400 1553 2451 tuam

101 2492 261 2555 eiusmodi
284 2511 361 2565 esse,
385 2504 420 2554 ut
444 2492 533 2554 malis
557 2493 744 2554 benefacere
776 2511 874 2572 quam
902 2492 984 2553 bene
1008 2492 1126 2567 audire,
1153 2503 1185 2554 et
1208 2492 1320 2554 melius
1342 2504 1436 2574 putes
1459 2492 1553 2554 laude

100 2598 236 2680 dignum
260 2616 330 2657 esse
354 2616 452 2677 quam
475 2596 605 2658 laudari.
629 2596 743 2677 Neque
765 2599 937 2677 quicquam
954 2596 986 2658 id
1011 2616 1113 2678 genus
1128 2618 1147 2658 a
1163 2616 1215 2658 me
1238 2608 1552 2671 commemoraretur,

101 2704 161 2763 nisi
177 2701 240 2763 alio
256 2701 410 2763 tenderet.
436 2699 631 2781 Accepimus
654 2704 739 2763 enim
762 2720 822 2763 nos
845 2699 979 2762 Bohemi
1003 2702 1170 2763 innumera
1192 2701 1347 2763 beneficia
1370 2702 1428 2762 abs
1452 2712 1490 2773 te,
1514 2713 1554 2774 et,

101 2809 160 2868 nisi
183 2805 215 2867 id
238 2818 347 2885 aperte
370 2805 571 2888 ingenueque
594 2804 772 2879 fateremur,
799 2805 997 2886 ingratissimi
1026 2809 1170 2867 omnium
1201 2805 1440 2885 stultissimique
1470 2824 1555 2867 esse-

101 2929 184 2972 mus.
224 2909 309 2970 Nam
332 2909 422 2988 quod
452 2911 484 2970 in
514 2909 581 2971 otio
611 2908 766 2991 degimus,
789 2909 879 2988 quod
909 2911 975 2970 iura
1005 2911 1161 2971 maiorum
1194 2929 1285 2970 suam
1309 2912 1372 2970 vim
1395 2928 1555 2989 suumque

102 3014 202 3075 robur
224 3014 378 3087 obtinent,
401 3013 491 3093 quod
517 3013 616 3095 gloria
639 3026 755 3087 nostra,
785 3032 868 3093 quae
892 3015 953 3074 iam
978 3014 1043 3075 fere
1070 3033 1202 3094 prorsus
1224 3025 1393 3087 corruerat,
1417 3025 1448 3075 te
1472 3014 1554 3075 duce

102 3129 327 3203 atque-autore
342 3126 500 3198 perpetuo
512 3115 552 3198 ¹³)
569 3118 700 3201 resurgit
722 3128 754 3178 et
777 3119 943 3191 revirescit,
962 3118 1019 3179 tibi
1035 3119 1088 3179 uni
1104 3130 1135 3180 et
1151 3118 1309 3180 debemus
1331 3129 1363 3180 et
1386 3129 1554 3198 acceptum

102 3222 277 3284 referimus.
315 3221 439 3284 Verum
462 3223 487 3282 si
511 3222 583 3282 licet
606 3233 661 3284 tua
690 3223 833 3284 bonitate
857 3224 952 3295 abuti,
977 3225 1079 3283 maius
1102 3223 1264 3302 quippiam
1292 3234 1365 3284 ate
1388 3225 1555 3303 exigimus.

102 3325 173 3387 Nisi
196 3328 281 3386 enim
305 3325 452 3405 reliquias
476 3324 633 3387 maiorum
647 3322 685 3407 14)
708 3338 893 3388 nostrorum
913 3326 1054 3388 funditus
1077 3325 1291 3397 eradicaveris
1315 3328 1373 3387 nisi
1396 3326 1554 3400 scintillas,

101 3432 128 3491 si
157 3449 241 3510 quae
268 3440 401 3504 restant,
433 3449 473 3490 ne
505 3429 638 3508 quando
665 3450 784 3491 novum
816 3432 956 3492 excitent
986 3429 1182 3503 incendium,
1207 3432 1333 3509 penitus
1363 3432 1554 3502 restinxeris,

102 3544 223 3607 metuo,
246 3553 286 3595 ne
315 3532 503 3615 propediem
534 3534 664 3613 pristina
694 3535 791 3596 nobis
811 3535 975 3596 calamitas
1005 3533 1173 3596 subeunda
1196 3536 1242 3594 sit.
1282 3533 1395 3614 Neque
1422 3537 1556 3596 enimsi

102 3637 209 3717 (quod
232 3656 328 3699 omen
352 3637 441 3698 Deus
463 3637 607 3699 advertat
616 3640 637 3717 i)
660 3638 756 3699 rebus
777 3638 926 3700 humanis
952 3638 1124 3717 aliquando
1140 3640 1322 3711 excesseris,
1338 3656 1555 3700 successorem

101 3755 194 3804 tuum
228 3741 362 3803 similem
396 3742 454 3803 tibi
488 3744 519 3803 in
552 3745 666 3804 virtute
696 3745 837 3804 futurum
868 3761 997 3821 sperare
1028 3741 1192 3813 audemus
1224 3755 1321 3821 atque
1354 3741 1437 3816 ideo,
1472 3761 1556 3820 quae

100 3848 244 3926 coepisti,
274 3864 331 3926 per
359 3857 392 3908 te
414 3848 616 3926 potissimum
648 3845 728 3907 finiri
756 3845 934 3925 conficique
961 3848 1107 3924 cupimus
1129 3856 1161 3906 et
1183 3857 1341 3926 optamus.
1380 3846 1464 3907 Nam
1488 3848 1556 3927 ipse

101 3969 238 4030 quoque
259 3969 325 4011 non
348 3961 442 4031 potes
461 3951 517 4012 tibi
533 3949 668 4012 solidam
692 3950 822 4029 perfect
840 3949 1044 4029 absolutique
1066 3950 1215 4028 principis
1231 3947 1364 4028 gloriam
1379 3948 1556 4025 vendicare,

101 4057 129 4117 si
163 4073 260 4134 quam
295 4055 487 4135 reipublicae
521 4067 645 4133 partem
679 4058 853 4116 incuratam
886 4055 1076 4117 ommiseris.
1123 4051 1250 4132 Accipe,
1286 4072 1440 4132 quorsum
1475 4054 1556 4115 haec

101 4169 257 4239 spectant.
295 4158 525 4221 Removendae
555 4162 640 4220 enim
669 4162 731 4220 iam
763 4168 836 4221 sunt
863 4159 1030 4240 ambageS,
1061 4170 1093 4219 et
1124 4160 1249 4219 animus
1274 4168 1348 4221 tuus
1380 4157 1504 4220 diutina
1517 4155 1557 4239 ¹⁵)

102 4265 333 4343 expectatione
363 4262 543 4324 solvendus
582 4262 719 4336 Coniice,
742 4283 800 4324 rex
823 4261 1007 4336 Wladislae,
1032 4264 1057 4324 si
1081 4262 1164 4336 libet,
1195 4281 1366 4344 parumper
1388 4264 1501 4325 oculos
1525 4265 1556 4323 in

101 4386 238 4450 regnum
261 4368 322 4428 hoc
345 4376 436 4428 tuum
459 4379 491 4429 et
515 4386 630 4429 omnes
652 4370 796 4428 omnium
820 4366 968 4429 ordinum
991 4378 1092 4430 status
1116 4367 1283 4447 diligenter
1306 4369 1435 4428 intuere.
1473 4366 1557 4429 Gau·

101 4471 181 4533 dent
205 4490 353 4552 proceres
375 4483 407 4533 et
429 4484 577 4551 equester
604 4470 686 4533 ordo
709 4470 862 4543 libertate,
892 4481 1024 4532 utuntur
1050 4473 1134 4532 cives
1157 4474 1221 4533 suis
1249 4470 1502 4532 immunitatibus
1525 4482 1556 4532 et

102 4575 278 4658 privilegiis,
301 4575 487 4636 vilissimum
518 4577 599 4637 inter
629 4574 827 4638 Christianos
857 4575 1050 4637 ludaeorum
1081 4594 1183 4657 genus
1206 4596 1226 4637 a
1254 4577 1383 4636 nemine
1405 4575 1556 4636 violatur:

102 4680 164 4743 soli
186 4679 388 4742 ecclesiastici
411 4691 443 4742 et
465 4679 574 4760 religio
605 4682 712 4742 nescio
742 4680 859 4759 quibus
882 4682 983 4741 ventis
1006 4681 1249 4760 turbinibusque
1272 4682 1421 4758 quatitur,
1448 4679 1557 4760 religio

80 4787 235 4863 ‚inquam
265 4786 331 4844 iure
362 4786 512 4847 omnibus
539 4785 608 4846 aliis
637 4784 850 4845 anteferenda.
892 4784 975 4846 Huic
1005 4785 1044 4845 iili
1069 4787 1184 4846 summi
1208 4785 1272 4857 viri,
1301 4783 1441 4864 Moyseo,
1476 4783 1557 4856 Noe,

198 4971 227 5039 ¹¹)
245 4973 273 5025 M
291 4972 499 5040 aliquantulum.

198 5061 227 5127 Η)
246 5061 273 5112 M
293 5059 359 5112 iure.

198 5148 228 5213 ¹³)
246 5147 270 5198 K
289 5146 419 5214 quotidie.

198 5234 228 5301 ¹⁴)
246 5235 275 5286 M
294 5234 436 5288 maiorum.

199 5320 229 5389 15)
247 5321 274 5373 Μ
293 5321 429 5375 diuturna.
