3660 5850
781 354 873 413 1496.
1516 355 1550 408 65

101 583 220 652 raptus,
244 590 285 632 ne
315 569 432 632 malitia
460 571 528 631 eius
555 567 748 630 intellectum
773 579 918 642 mutaret,
949 579 982 631 ut
1007 567 1119 630 Philon
1151 567 1287 630 Iudaeus
1314 570 1462 648 loquitur,
1485 571 1550 629 sive

102 680 173 758 quis
196 678 275 737 alius
298 676 366 736 eius
382 676 486 754 operis
502 683 595 735 autor
615 686 679 735 est:
702 692 763 734 nos
784 683 894 735 noster
915 675 1019 735 exitus
1043 683 1159 747 manet,
1182 693 1278 754 quem
1303 685 1336 735 ut
1364 674 1550 735 immortalis

103 781 182 843 deus
205 779 368 853 secundet,
391 797 565 858 precemur.
589 777 680 839 Plato
695 776 770 839 nihil
784 777 870 839 aliud
890 777 1127 856 philosophiam
1150 796 1221 839 esse
1243 780 1295 851 ait,
1318 797 1414 857 quam
1439 781 1550 839 mortis

103 884 359 960 meditationem,
381 885 471 945 cuius
494 882 653 960 persimile
684 881 759 943 illud
790 901 920 961 quoque
944 891 1006 942 est:
1038 880 1089 956 fili,
1117 901 1294 942 memorare
1317 883 1496 955 novissima,
1518 893 1550 943 et

101 993 133 1051 in
155 999 322 1051 aeternum
344 1007 410 1048 non
434 988 590 1067 peccabis,
612 985 703 1048 Vale.
725 985 829 1047 Datae
852 1005 936 1047 anno
962 985 1045 1050 1496
1069 984 1219 1048 Octobris
1242 986 1271 1050 3.

188 1177 363 1246 Jmenovany'
383 1176 502 1243 nedplne
521 1193 538 1227 v
551 1174 616 1228 listu
633 1174 745 1227 Alexius
760 1174 816 1243 jest
834 1177 930 1243 palme
948 1175 1014 1227 Atel
1032 1191 1048 1227 z
1063 1174 1186 1238 Kosetic,
1204 1173 1366 1242 podkomol‘l
1385 1174 1451 1226 deslr
1469 1174 1551 1241 (vice-

103 1263 272 1318 camerarius
295 1264 469 1330 tabularum),
494 1269 588 1330 potom
614 1262 703 1315 vtlbec
728 1264 826 1316 doctor
849 1262 962 1315 Alexius
988 1263 1087 1330 zvanp'r,
1108 1261 1191 1329 jehol
1218 1262 1271 1315 dve
1295 1260 1406 1329 epitafia
1430 1260 1492 1330 jsou
1517 1278 1551 1314 ve

103 1353 224 1420 Farrago
243 1368 333 1420 poem.
352 1368 388 1404 na
406 1358 453 1404 str.
472 1350 507 1402 98
523 1350 626 1416 (srovn.
644 1349 801 1403 Palaclreho
820 1349 956 1417 Pi‘ehled).

801 1632 851 1697 59.

402 1772 622 1845 Bohuslav
650 1772 901 1846 Bernhardu
929 1772 1254 1847 Adelmannovi.

192 1947 271 2012 (1496
291 1975 323 1985 -
342 1961 378 2003 ua
395 1945 506 2003 tklouktt
532 1947 597 2003 nobo
621 1960 656 2002 na
681 1944 791 2016 poddlktt
811 1945 899 2012 1497.)
927 1944 1075 2014 Vyjadruje
1098 1951 1234 1998 soustrast
1258 1945 1311 1997 nad
1336 1945 1414 1996 smrtl
1437 1944 1553 2013 biskupa

104 2033 351 2097 Eichstadtsk6h03
370 2050 387 2086 a
405 2032 437 2086 ie
456 2050 502 2087 mu
521 2032 593 2086 bude
613 2031 755 2086 slulebnllr
771 2032 837 2100 jeho
858 2033 951 2086 Lulral
969 2031 1169 2086 zNormberlra
1186 2033 1248 2086 vlce
1266 2032 1347 2101 psdti.
1365 2034 1456 2101 (Nova
1473 2033 1553 2102 epist.

103 2138 165 2190 aar·
183 2119 237 2187 45.)

192 2279 379 2343 Bemhardo
408 2300 468 2344 suo
499 2279 704 2343 Adelmanno
735 2301 758 2342 s.
789 2281 819 2343 d.
858 2280 1009 2343 Miseram
1036 2281 1078 2342 ad
1105 2292 1137 2343 te
1160 2279 1282 2360 pridem
1305 2282 1456 2342 nuncium
1479 2300 1553 2342 cum

103 2386 201 2448 literis
222 2386 310 2459 meis,
333 2385 400 2460 sed,
423 2398 596 2466 antequam
620 2389 646 2447 is
669 2405 813 2447 reversus
835 2396 890 2459 est,
921 2399 993 2448 tuas
1015 2386 1123 2465 accepi
1147 2385 1258 2465 plenas
1281 2384 1420 2446 dulcium
1444 2405 1554 2465 quere-

104 2489 206 2552 larum
230 2500 261 2551 et
284 2508 429 2551 summae
452 2502 527 2553 tuae
550 2492 580 2551 in
605 2510 657 2551 me
678 2490 926 2552 benevolentiae.
950 2489 1135 2552 Renovatus
1151 2500 1198 2550 est
1214 2488 1288 2551 inde
1303 2509 1432 2552 moeror
1455 2509 1554 2563 meus,

104 2612 202 2674 quem
234 2613 275 2654 ex
303 2595 417 2673 optimi
449 2595 529 2656 illius
562 2594 721 2673 pontificis
751 2591 890 2675 morte*)
914 2596 993 2673 cepi,
1024 2594 1101 2655 dum
1133 2612 1198 2654 non
1225 2591 1330 2655 solum
1361 2612 1467 2654 meam
1497 2592 1554 2655 sed

104 2697 202 2759 etiam
225 2710 313 2760 tuam
337 2701 438 2760 vicem
460 2698 567 2762 doleo.
606 2696 742 2761 Accedit
769 2698 839 2773 huc,
869 2697 958 2778 quod
987 2699 1120 2760 nuncius
1151 2716 1241 2760 meus
1265 2697 1442 2781 Noriberga
1465 2696 1555 2759 rediit

104 2812 136 2862 et
160 2803 289 2863 minime
318 2801 360 2864 ad
390 2814 431 2879 te,
465 2814 500 2865 ut
527 2805 632 2866 iussus
660 2814 734 2877 erat,
769 2787 931 2881 proiectus
953 2812 1018 2864 est:
1051 2820 1117 2880 quo
1141 2801 1260 2863 lactum
1283 2813 1338 2874 est,
1368 2813 1403 2864 ut
1426 2804 1556 2863 minime

104 2925 304 2986 cognoscere
327 2907 495 2986 potuerim,
528 2926 628 2986 quam
657 2906 728 2968 forti
751 2907 859 2967 animo
882 2906 932 2978 sis,
966 2917 996 2968 et
1020 2905 1189 2984 quomodo
1219 2905 1302 2968 hanc
1324 2906 1554 2988 aegritudinem

105 3008 196 3070 seras.
234 3010 310 3072 Non
340 3023 389 3073 cst
412 3010 603 3085 Bemharde‚
637 3029 692 3072 cur
722 3029 918 3093 magnopere
940 3008 1127 3091 affligamur:
1159 3010 1346 3089 quotidiana
1368 3013 1453 3072 enim
1477 3011 1556 3073 haec

104 3125 180 3176 sunt
202 3125 234 3175 et
256 3113 332 3176 nulli
354 3117 441 3196 genti
465 3115 650 3195 hominique
665 3117 786 3197 ignota;
808 3117 852 3176 ita
874 3116 1041 3187 nascimur,
1065 3126 1101 3176 ut
1123 3116 1304 3189 moriamur,
1328 3127 1359 3178 et
1381 3113 1467 3177 stulti
1491 3118 1556 3177 imo

105 3220 282 3300 arrogantis
309 3228 393 3279 esset
424 3217 465 3279 de
495 3229 639 3280 creatore
666 3229 776 3280 nostro
806 3221 903 3298 queri,
926 3217 1015 3297 quod
1042 3218 1236 3280 immortales
1259 3221 1324 3281 nati
1347 3238 1412 3281 non
1435 3239 1556 3283 sumus.

105 3321 161 3383 Ille
184 3321 316 3400 quidem
339 3342 399 3385 suo
422 3323 487 3384 sato
511 3322 636 3384 iunctus
659 3332 721 3382 est:
753 3342 814 3384 nos
837 3333 946 3384 nostra
968 3335 1107 3397 manent,
1131 3343 1214 3403 quae
1237 3334 1271 3384 ut
1293 3322 1382 3385 Deus
1404 3342 1558 3403 prospera

105 3424 207 3499 saciat,
231 3445 406 3505 precemur.
446 3426 538 3488 Haec
560 3429 670 3506 paucis
699 3426 741 3487 ad
772 3436 811 3500 te,
842 3438 910 3489 tum
942 3428 1031 3507 quod
1061 3427 1138 3490 nolo
1162 3430 1193 3489 in
1216 3428 1338 3504 sylvam
1362 3427 1446 3509 ligna
1469 3428 1557 3502 ferre,
1648 3470 1649 3473 κ

105 3540 184 3604 tum,
217 3531 243 3591 si
272 3540 339 3593 tam
366 3531 482 3594 ardens
512 3533 553 3593 ab
583 3529 799 3593 adolescentia
830 3541 920 3592 tuum
947 3530 1107 3593 literarum
1127 3531 1280 3622 'studium
1310 3549 1377 3592 non
1408 3530 1488 3603 lacit.
1523 3543 1557 3593 ut

106 3633 267 3697 humanos
299 3635 360 3697 hos
389 3655 483 3697 casus
513 3634 679 3697 moderate
709 3654 775 3696 non
799 3632 870 3716 (sic)
893 3634 982 3708 ieras,
1005 3638 1074 3715 ipse
1101 3654 1231 3715 quoque
1254 3654 1307 3696 me
1328 3635 1447 3716 aliquid
1471 3636 1557 3715 apud

105 3749 139 3800 te
162 3737 316 3817 proficere
337 3758 434 3818 posse
457 3738 604 3819 despero.
641 3736 740 3818 Quod
769 3738 811 3799 ad
840 3758 892 3799 me
915 3739 1034 3812 attinet,
1065 3738 1165 3800 multa
1187 3758 1223 3801 se
1244 3738 1393 3812 offerunt,
1416 3758 1499 3818 quae
1527 3751 1559 3802 te

107 3844 188 3904 scire
211 3841 337 3904 vellem:
359 3842 417 3903 sed
440 3854 488 3905 tot
510 3853 591 3917 sunt,
615 3853 650 3905 ut
672 3844 726 3902 vix
748 3843 898 3923 explicari
920 3844 1049 3922 possint.
1086 3840 1306 3921 Quamobrem
1330 3843 1451 3905 Lucam
1475 3843 1559 3906 hunc

108 3946 296 4007 familiarem
325 3965 441 4022 meum,
472 3966 570 4027 quem
600 3948 663 4010 hoc
689 3959 836 4025 tempore
865 3946 1079 4030 Noribergam
1110 3948 1187 4021 misi,
1216 3948 1298 4020 iussi,
1330 3950 1355 4009 si
1386 3947 1559 4010 commode

107 4049 175 4111 fieri
198 4052 324 4130 poterit,
347 4053 498 4111 nuncium
521 4051 563 4112 ad
594 4062 626 4112 te
648 4054 772 4113 mittere
801 4062 832 4113 et
859 4052 991 4131 copiose
1013 4053 1125 4111 omnia
1148 4051 1349 4129 perscribere.
1382 4050 1434 4113 Tu
1457 4051 1559 4127 facite,

108 4166 146 4216 ut
168 4157 292 4216 interim
314 4155 420 4216 valeas
443 4165 475 4215 et
498 4155 712 4217 valetudinem
742 4166 831 4218 tuam
861 4164 953 4216 tanto
983 4153 1162 4238 diligentius
1184 4175 1283 4227 cures,
1314 4166 1437 4234 quanto
1460 4159 1561 4237 magis

107 4260 320 4337 tranquillitas
343 4261 439 4320 animi
462 4261 525 4321 mei
555 4279 597 4321 ex
626 4270 658 4321 te
681 4259 751 4321 solo
774 4257 902 4337 pendet.
940 4259 1088 4338 Expecto
1112 4278 1131 4319 a
1154 4269 1185 4320 te
1208 4258 1359 4338 epistolas
1382 4258 1560 4342 Augustini,

108 4371 180 4424 tum
203 4382 302 4441 opera
324 4362 496 4437 Ambrosii,
520 4363 562 4426 de
577 4365 695 4444 quibus
718 4363 759 4425 ad
777 4382 828 4424 me
843 4365 1000 4442 scripsisti,
1017 4373 1085 4423 tum
1101 4362 1252 4443 pleraque
1267 4362 1328 4424 alia
1344 4382 1452 4443 opera.
1469 4362 1560 4426 Vale.

196 4550 247 4618 Jalr
260 4550 425 4618 margindlnl
438 4551 593 4619 poznAmka
606 4550 735 4604 Mitisova
748 4550 846 4612 udavai,
860 4549 925 4618 ty'lra
944 4567 974 4602 se
993 4557 1128 4601 soustrast
1141 4549 1337 4602 Bohuslavova
1350 4549 1433 4602 timrti
1446 4549 1561 4617 biskupa

107 4636 353 4689 Eichstiidtskeho.
373 4637 425 4705 Byl
444 4645 473 4689 to
493 4636 581 4689 Vilem
601 4636 800 4698 zReichenau,
819 4636 898 4703 lrtery
917 4637 1019 4689 zemlel
1041 4636 1080 4689 lu.
1099 4635 1152 4688 list.
1174 4635 1249 4690 1196.
1268 4637 1361 4689 Odtud
1380 4636 1562 4703 dovozujeme

109 4724 234 4779 vroeent.
251 4723 330 4791 Kdyt
351 4722 396 4775 list
414 4732 461 4777 ten
481 4724 621 4777 Bohuslav
639 4724 706 4792 psal,
725 4723 820 4791 zajiste
837 4722 909 4790 jesu
928 4723 1052 4784 nevedel,
1065 4721 1119 4775 lrdo
1138 4741 1168 4775 se
1187 4724 1239 4775 stal
1256 4723 1321 4790 jeho
1339 4723 1512 4791 nastupcem,
1531 4724 1562 4777 ie

107 4809 181 4864 totii
203 4808 336 4878 pllbuzny'
358 4810 551 4863 Adelmannhv.
569 4810 681 4863 Gabriel
705 4809 818 4878 zEybu
843 4811 952 4877 (zvolen
971 4810 995 4862 5.
1014 4826 1086 4877 pros.
1108 4809 1194 4873 14961,
1211 4809 1286 4877 jinak
1311 4808 1347 4878 by
1366 4810 1412 4877 byl
1436 4811 1563 4878 potelenr'

109 4897 160 4950 sve
185 4913 201 4949 z
226 4898 359 4965 povyleni
385 4899 452 4950 toho
477 4897 601 4966 vyslovil.
632 4896 805 4964 Vystupujicl
829 4898 879 4949 zde
904 4896 1006 4964 poprve
1031 4895 1173 4948 sluiebntk
1197 4896 1361 4964 (familiaris)
1386 4897 1563 4950 Bohuslavuv

106 4984 251 5052 jmenoval
270 5000 299 5036 se
318 4983 400 5052 dplne
420 4984 514 5037 Luktts
534 4984 713 5052 KomponiuS,
730 4984 776 5051 jak
800 4983 914 5035 zbasnl
933 4983 1166 5050 Bohuslavovy'ch
1191 4983 1308 5050 vysvita.
1339 4982 1398 5051 Ty‘l
1421 4983 1563 5036 nevsedne

110 5071 159 5139 byl
178 5070 303 5130 vszlttn,
321 5071 368 5123 tak
386 5070 418 5123 ie
437 5070 491 5138 plin
511 5069 601 5122 ulival
617 5070 683 5138 jeho
702 5087 735 5122 za
753 5070 901 5123 selrretdle.
921 5069 1029 5138 (Srovn.
1049 5068 1093 5120 list
1115 5069 1183 5136 110.)

113 5213 320 5222 -.—.-..-—-—.

201 5281 228 5347 ἥς)
247 5280 330 5332 Slovo
349 5287 409 5331 toto
428 5296 461 5331 ve
481 5278 583 5346 vydanl
603 5277 731 5331 Mitisove
751 5278 854 5331 schazi.

166 5401 264 5444 Sbirlra
283 5398 418 5453 pramenrl.
439 5400 533 5452 Skupiua
548 5400 622 5440 droht.
641 5394 700 5439 Clrlo
717 5400 733 5439 1.
