3660 5850
774 381 980 442 1493-1494.
1558 383 1594 437 45

143 605 230 656 tauta
254 608 301 656 cst
325 597 458 656 ambitio
482 611 578 677 atquc
609 599 747 670 avaritia,
782 608 814 657 ut
839 597 915 658 dum
947 616 1019 657 eam
1050 596 1210 675 expleant,
1241 606 1272 657 et
1295 616 1369 659 suas
1399 608 1430 658 et
1459 596 1593 658 aliorum

142 703 264 761 animas
288 701 449 779 perditum
472 703 506 761 iri
524 702 612 762 facilc
630 703 804 775 patiantur;
827 701 887 762 lros
902 703 1033 780 inquam
1049 699 1245 762 detestamur
1261 719 1365 780 neque
1381 701 1475 761 nobis
1490 699 1594 762 solum

143 803 201 865 sed
225 806 321 865 etiam
345 805 515 867 immortali
532 805 674 866 Domino
690 824 810 866 exosos
830 804 996 866 credimus.
1020 805 1251 885 Quamobrem,
1274 803 1479 866 Sanctissime
1496 804 1594 878 Pater,

146 912 297 989 quoniam
323 923 505 987 praesentes
528 928 593 970 non
610 928 790 990 possumus,
813 910 926 971 saltem
951 910 1101 972 absentes
1125 912 1186 971 tuis
1202 910 1299 971 sacris
1322 909 1457 988 pedibus
1480 929 1597 988 provo-

145 1012 199 1073 luti
235 1013 393 1074 humiliter
423 1034 597 1093 precamur,
629 1026 663 1077 ut
693 1015 824 1076 tandem
856 1017 1002 1076 misertus
1033 1017 1132 1076 nostri
1157 1027 1369 1076 memoratum
1400 1012 1595 1076 Bobuslaum

146 1119 240 1178 nobis
256 1117 435 1179 confirmes.
460 1118 592 1181 llloveat
607 1118 816 1181 Sanctitatem
833 1118 937 1181 Tuam
954 1120 1030 1180 felix
1046 1120 1201 1181 memoria
1216 1118 1364 1181 Friderici
1388 1120 1597 1199 imperatoris

146 1224 200 1302 qui
224 1222 388 1284 hominem
412 1224 468 1285 tibi
490 1223 586 1286 literis
609 1227 674 1285 suis
703 1225 948 1299 commendavit,
973 1235 1101 1287 moveat
1123 1225 1341 1286 serenissimus
1368 1242 1425 1287 rex
1447 1223 1599 1286 dominus

148 1339 264 1402 noster,
281 1327 506 1390 devotissimus
529 1329 680 1390 ecclesiae
696 1327 784 1403 lilius,
808 1332 861 1411 qui
886 1330 917 1392 id
941 1332 1003 1391 iam
1028 1350 1070 1391 ex
1092 1330 1201 1390 animo
1217 1339 1317 1408 optat,
1339 1338 1491 1391 moveant
1513 1328 1600 1390 deni-

149 1452 211 1511 que
234 1434 424 1512 aequissima
447 1433 609 1512 postulata
632 1443 748 1507 nostra,
772 1435 827 1514 qui
844 1436 923 1494 inter
945 1442 994 1494 tot
1018 1434 1255 1512 persecutiones
1277 1452 1405 1512 semper
1421 1433 1601 1513 obsequen-

148 1538 259 1597 tissimi
281 1535 450 1599 Romanae
472 1536 540 1598 sedi
563 1538 747 1598 mansimus.
782 1534 973 1599 Consideret
996 1536 1153 1599 Sanctitas
1176 1536 1257 1610 Tua,
1281 1555 1370 1597 mora
1402 1537 1480 1598 haec
1503 1556 1601 1616 quam

148 1640 327 1719 periculosa
354 1643 403 1704 sit.
439 1641 610 1703 Violantur
640 1644 759 1720 passim
791 1645 859 1703 iura
889 1642 1169 1723 immunitatesque
1199 1641 1360 1715 ecclesiae,
1389 1642 1602 1720 depravantur

152 1764 267 1820 mores,
291 1744 390 1808 clerici
422 1745 557 1826 laicique
580 1766 621 1807 ex
645 1747 774 1808 arbitrio
797 1766 857 1807 suo
881 1748 998 1819 vivunt,
1022 1747 1206 1807 innumerae
1237 1758 1434 1827 consurgunt
1456 1746 1603 1808 haereses

151 1861 183 1911 et
205 1851 384 1911 animarum
414 1849 535 1911 infinita
557 1852 601 1912 vis
632 1852 664 1912 in
687 1850 869 1931 gehennam
893 1852 960 1925 ruit,
988 1850 1067 1912 dum
1098 1863 1244 1924 nonest,
1268 1852 1321 1929 qui
1352 1853 1481 1933 negotia
1504 1849 1602 1912 eccle-

152 1954 276 2015 siastica
298 1964 352 2016 aut
368 1954 503 2017 consilio
526 1966 623 2037 regat,
647 1966 701 2017 aut
717 1954 910 2017 authoritate
933 1954 1127 2017 moderetur.
1152 1953 1243 2015 Haec
1266 1957 1289 2015 si
1306 1974 1326 2015 a
1341 1954 1517 2017 Sanctitate
1532 1953 1603 2016 Tua

153 2058 404 2136 impetrabimus,
435 2060 557 2138 optime
586 2060 755 2121 animabus
785 2062 901 2122 nostris
931 2059 1112 2121 consultum
1146 2059 1387 2120 arbitrabimur:
1417 2059 1464 2120 sin
1495 2069 1603 2120 autem

153 2160 311 2225 Sanctitas
332 2161 405 2224 Tua
438 2165 470 2224 in
500 2166 657 2226 sententia
690 2165 913 2244 perseverabit,
948 2163 978 2225 id
1009 2163 1122 2224 saltem
1157 2182 1295 2237 oramus,
1329 2181 1370 2224 ne
1392 2182 1603 2244 quaecunque

153 2265 304 2346 deinceps
327 2269 482 2341 evenient,
506 2269 601 2330 nobis
625 2270 811 2331 tribuantur.

240 2453 302 2506 List
328 2461 406 2506 tento
434 2455 563 2508 uMitisa
591 2457 637 2508 ma
664 2455 775 2524 chybny'
799 2456 892 2525 napis:
924 2455 966 2507 Ad
992 2473 1131 2508 summum
1159 2454 1319 2523 pontificem
1349 2455 1461 2507 nomine
1490 2451 1602 2521 capituli

154 2540 292 2593 dioecesis
310 2541 514 2594 olomucensis.
532 2525 571 2595 Ze
591 2543 625 2594 od
645 2543 766 2612 kapitoly
785 2542 906 2612 nevyiel,
926 2542 1059 2610 dolrazuje
1078 2542 1178 2610 ziejme
1198 2544 1274 2610 ostry'
1294 2543 1340 2595 rtz
1356 2541 1430 2608 jebo,
1447 2539 1528 2608 jairoi
1549 2540 1555 2592 i
1575 2547 1604 2593 ta

155 2627 290 2690 okolnost,
309 2626 340 2680 ie
360 2645 389 2681 se
409 2631 503 2682 vnem
524 2647 540 2681 o
559 2628 677 2697 kapitole
704 2631 788 2683 mluvl
812 2631 875 2684 ttett
894 2629 1008 2684 osobou.
1040 2630 1110 2682 Nam
1130 2629 1181 2682 ada
1200 2646 1229 2682 se
1249 2630 1317 2696 psan
1342 2628 1400 2698 by'ti
1417 2628 1538 2696 jmenem
1559 2629 1603 2680 ne·

155 2714 270 2784 lrtery'cb
288 2717 362 2784 panti
381 2716 574 2784 moravsky'ch.
591 2699 630 2769 Ze
643 2717 811 2770 adressovan
831 2718 955 2787 kpapeii
969 2717 1123 2770 Alexandru
1136 2717 1181 2778 VI,
1200 2718 1364 2770 zvolenemu
1376 2715 1418 2768 26.
1432 2731 1514 2783 srpna
1528 2712 1604 2774 1499,

155 2803 250 2855 ενὲἀόί
268 2802 380 2856 zmlnka
402 2821 419 2856 ο
438 2803 581 2856 kardinalu
600 2804 823 2868 Montrealskem,
851 2805 985 2859 sestienci
1009 2805 1091 2873 prave
1116 2805 1183 2857 toho
1211 2803 1313 2873 papeie
1336 2802 1446 2872 atvmi
1471 2800 1603 2869 papeiem

157 2889 173 2941 lr
192 2889 346 2959 biskupstvi
364 2891 541 2944 dosazenem.
572 2891 720 2944 Ponevadi
738 2893 791 2961 pal<
809 2893 892 2946 uvidi
911 2910 941 2945 se
960 2910 977 2944 v
990 2892 1054 2945 listu
1079 2891 1152 2944 clsal
1170 2891 1296 2945 Fridricb
1315 2892 1350 2944 ΙΙΙ
1372 2890 1409 2958 jii
1428 2888 1603 2942 neboitllrem

155 2978 179 3044 (1
200 2978 240 3030 19.
258 2994 341 3045 srpna
365 2976 450 3045 1493),
471 2979 576 3047 napsan
601 2979 646 3032 list
664 2979 706 3032 asi
725 2996 761 3032 na
780 2980 853 3033 zimu
877 2998 898 3033 r.
919 2978 994 3032 1499.
1025 2979 1116 3032 Psal-li
1140 2979 1186 3032 list
1205 2987 1282 3032 tento
1307 2979 1366 3031 sirm
1386 2977 1534 3037 Bohuslav,
1551 2974 1605 3042 jest

77 3070 86 3085 '
155 3064 244 3117 velice
264 3064 413 3134 pochybno
436 3068 494 3134 (my
513 3065 621 3119 hledice
640 3065 656 3118 k
675 3083 780 3134 povaze
802 3066 868 3134 jebo
887 3075 964 3120 tomu
983 3067 1133 3128 nevelime‚
1157 3065 1247 3119 adlroli
1267 3065 1375 3125 moini,
1400 3063 1431 3116 ie
1450 3060 1606 3130 stylisticlry

156 3153 191 3205 od
211 3152 284 3204 nebo
303 3150 349 3220 byl
368 3154 508 3220 upraven)‚
527 3152 569 3205 ale
587 3153 676 3222 prijali
697 3155 768 3222 jsme
785 3154 822 3223 jej
841 3155 876 3207 do
895 3155 953 3208 teto
971 3153 1064 3223 sblrky
1088 3156 1162 3221 plec,
1185 3151 1328 3221 ponevadi
1354 3151 1391 3219 jej
1410 3150 1457 3218 byl
1475 3149 1552 3218 plijal
1568 3147 1606 3216 jit

157 3238 242 3301 Mitis,
259 3256 276 3292 a
294 3239 438 3307 ponevadi
456 3240 597 3293 nevtedne
616 3240 633 3293 lr
650 3248 727 3294 tomu
745 3242 874 3311 piisplvA,
893 3240 1031 3311 abycbom
1051 3241 1124 3294 dobu
1143 3240 1260 3308 tehdejsi
1280 3238 1398 3292 naleiite
1417 3237 1534 3307 poznali,

858 3558 910 3621 45.

516 3714 737 3789 Bohuslav
765 3713 947 3810 kapitole
977 3709 1253 3789 Olomoucke.

244 3885 446 3954 (14934494.)
465 3885 581 3955 Dekuje,
600 3885 632 3940 ie
650 3888 711 3940 trvlt
730 3905 747 3939 v
760 3886 847 3955 pilzni
870 3885 946 3954 jemu
965 3884 1130 3947 osvedtene,
1155 3901 1172 3937 a
1192 3883 1276 3952 lituje‚
1295 3883 1327 3938 ie
1346 3887 1397 3937 vec
1416 3900 1446 3936 se
1465 3882 1532 3935 tolilr
1551 3898 1609 3950 pro·

158 3971 260 4040 tahuje.
279 3973 369 4040 (Nova
387 3973 467 4041 epist.
485 3991 547 4042 app.
567 3972 628 4039 ‘lut

244 4148 491 4213 Venerabilibus
512 4153 585 4213 viris
608 4151 637 4213 d.
661 4151 786 4214 decano
808 4150 837 4214 81
859 4153 918 4214 toti
941 4151 1081 4229 capitulo
1105 4148 1312 4212 Olomucensi
1335 4168 1359 4210 s.
1382 4169 1412 4228 p.
1436 4148 1466 4209 d.
1489 4145 1609 4226 Accepi

159 4252 265 4316 literas
281 4266 400 4317 vestras
423 4266 455 4317 et
472 4268 596 4336 patrem
612 4256 791 4331 Nicolaum,
815 4255 968 4336 quemad
985 4275 1037 4316 me
1054 4257 1187 4327 misistis
1211 4254 1312 4316 laetus
1327 4252 1440 4314 audivi.
1464 4251 1610 4314 Intellexi

159 4362 243 4421 enirn
267 4380 325 4422 vos
359 4379 561 4439 perseverare
596 4363 627 4421 in
660 4361 882 4424 benevolentia
915 4378 990 4441 erga
1024 4379 1076 4420 me
1110 4377 1216 4439 neque
1249 4359 1420 4439 quicquam
1451 4376 1492 4418 ex
1516 4357 1609 4434 priori

159 4463 276 4526 affectu
292 4465 456 4526 remisisse.
480 4463 617 4528 Gaudeo
634 4467 788 4527 maiorem
811 4468 842 4527 in
859 4465 994 4527 modum
1017 4474 1049 4524 ct
1065 4483 1117 4524 me
1140 4463 1232 4524 vobis
1248 4473 1406 4542 perpetuo
1428 4460 1610 4523 devinctum

159 4568 401 4649 obligatumque
424 4571 536 4631 sentio.
561 4568 733 4633 Referebat
764 4570 848 4633 idem
872 4568 1025 4631 Nicolaus
1048 4586 1141 4649 aegre
1164 4586 1223 4629 vos
1246 4567 1326 4628 ferre
1349 4586 1416 4628 rem
1439 4565 1480 4626 de
1504 4565 1555 4626 die
1578 4567 1610 4626 in

159 4671 247 4734 diem
282 4672 408 4747 differri,
431 4677 602 4754 vererique,
636 4694 677 4735 ne
701 4675 774 4736 inde
797 4675 949 4736 ecclesiae
982 4684 1104 4734 vestrae
1134 4672 1240 4753 aliqua
1274 4673 1428 4751 pernicies
1452 4670 1609 4731 afferatur.

161 4775 276 4857 Neque
299 4777 451 4856 prolecto,
479 4789 514 4839 ut
544 4797 628 4839 nunc
651 4790 725 4841 sunt
756 4779 922 4840 hominum
955 4795 1070 4856 mores,
1101 4779 1169 4837 sine
1200 4795 1297 4837 causa
1327 4776 1425 4836 vereri
1452 4774 1611 4835 videmini.

161 4879 264 4943 Multa
286 4879 327 4942 de
350 4880 410 4943 hac
433 4900 467 4942 re
489 4884 624 4944 invicem
648 4882 796 4945 collocuti
819 4903 938 4957 sumus,
963 4902 1045 4965 quae
1069 4882 1222 4963 quoniam
1246 4880 1368 4958 seriptis
1391 4880 1444 4939 vix
1466 4898 1611 4957 compre-

160 4983 256 5045 hendi
280 4995 423 5064 possunt,
446 5004 488 5046 ex
510 5005 551 5046 eo
574 4990 784 5067 cognoscetis.
815 4986 846 5051 Si
871 4988 947 5069 quid
971 4990 1001 5046 in
1026 5006 1077 5047 me
1100 4989 1171 5065 opis
1194 4994 1286 5053 esset,
1317 4994 1371 5044 aut
1395 4984 1421 5042 si
1444 4985 1511 5061 ipse
1539 4982 1612 5044 huic

160 5087 249 5150 malo
279 5088 399 5149 mederi
430 5107 569 5167 possem,
600 5109 704 5151 essem
728 5093 874 5170 prolecto
897 5096 930 5165 is,
961 5092 1015 5171 qui
1045 5090 1159 5152 debeo.
1198 5088 1284 5150 Nam
1308 5108 1372 5149 non
1405 5089 1508 5147 minus
1537 5086 1610 5147 mibi

162 5192 294 5255 forsitan
320 5211 418 5272 quam
441 5193 533 5254 vobis
555 5193 634 5255 haec
658 5214 748 5256 mora
772 5196 906 5256 molesta
930 5207 985 5256 est.
1008 5192 1073 5254 Sed
1090 5193 1215 5253 difficile
1238 5204 1285 5253 est
1309 5212 1347 5251 os
1371 5196 1420 5266 (ut
1441 5190 1501 5252 dici
1518 5187 1612 5270 solet)

163 5297 195 5359 in
219 5296 346 5361 coelum
378 5296 489 5361 tollere
519 5308 550 5359 et
574 5299 746 5382 quicquam
771 5299 827 5374 tris,
857 5299 899 5360 ad
922 5318 1006 5380 quos
1037 5300 1200 5382 negotium
1231 5297 1279 5359 vel
1308 5298 1448 5377 inprimis
1471 5298 1613 5376 pertinet,
