3660 5850
758 383 848 443 1506.
1477 380 1527 435 151

79 597 255 660 admodum
278 601 333 659 tibi
358 609 482 660 tantum
508 598 693 661 facultatum
716 608 772 672 est,
788 611 822 661 ut
842 601 909 660 sine
933 617 985 659 me
1008 598 1143 659 honeste
1165 600 1261 658 vitam
1286 596 1402 658 ducere
1425 596 1528 675 possis

79 697 176 783 [quod
200 722 262 784 ego
285 722 352 764 non
375 703 478 764 solum
509 702 672 776 confiteor,
696 702 754 763 sed
784 705 879 765 etiam
910 722 952 763 ex
979 704 1089 763 animo
1111 699 1266 784 gaudeo):
1298 703 1340 763 ita
1369 700 1444 761 mihi
1468 701 1528 762 Dei

79 806 270 885 benignitate
293 807 363 869 licet
386 808 501 889 exigua
525 806 714 869 munuscula
735 809 802 868 sine
818 806 1009 868 detrimento
1033 808 1077 868 rei
1100 806 1259 867 familiaris
1281 808 1390 867 amicis
1413 807 1528 883 imper·

79 910 129 970 tiri.
152 909 245 972 Fient
268 921 376 972 tamen
400 913 516 983 omnia,
540 912 594 972 ubi
619 914 757 989 primum
780 914 906 974 occasio
930 910 1065 984 dabitur,
1089 931 1132 972 ex
1155 912 1310 973 sententia
1333 910 1528 988 arbitrioque

79 1033 139 1093 tuo.
163 1013 252 1076 Malo
267 1017 351 1076 enim
367 1013 453 1094 apud
469 1018 595 1098 ignaros
618 1036 722 1077 rerum
746 1019 851 1078 minus
873 1015 1010 1078 liberalis
1032 1014 1137 1089 videri,
1153 1033 1252 1094 quam
1268 1016 1415 1088 amicum,
1431 1031 1527 1092 quem

79 1118 145 1196 plus
169 1121 321 1181 omnibus
343 1139 427 1194 amo,
450 1119 622 1181 offendere.
650 1120 699 1181 De
722 1140 756 1181 re
775 1121 909 1182 literaria
933 1119 1008 1181 nihil
1030 1118 1124 1192 aliud,
1141 1118 1230 1198 quod
1253 1120 1398 1193 scribam,
1413 1118 1528 1190 habco,

79 1223 131 1283 nisi
154 1235 189 1285 ut
212 1233 269 1285 tuo
293 1244 383 1287 more
406 1244 490 1307 agas.
512 1223 707 1306 Quanquam
724 1227 808 1287 enim
831 1223 894 1286 hoc
917 1234 1064 1303 tempore
1086 1223 1245 1302 quaedam
1268 1223 1310 1285 ad
1333 1243 1386 1284 me
1409 1223 1529 1295 misisti,

79 1346 158 1407 quae
187 1331 272 1408 prius
295 1349 425 1410 quoque
448 1333 585 1403 miseras
609 1330 694 1391 malo
718 1338 827 1391 tamen
850 1341 881 1391 te
903 1331 935 1390 in
958 1329 1041 1390 hanc
1063 1339 1187 1411 partem
1211 1347 1351 1407 peccare,
1375 1347 1473 1409 quam
1498 1328 1528 1387 in

79 1432 160 1494 ibris
182 1433 368 1494 coemendis
395 1432 466 1511 plus
489 1436 573 1495 iusto
596 1433 789 1495 timidiorem
820 1453 890 1495 esse
912 1445 969 1495 etc.
1007 1432 1111 1514 Cupio
1134 1456 1153 1496 a
1176 1447 1207 1496 te
1231 1453 1328 1513 opera
1351 1431 1529 1514 Augustini,

79 1555 160 1615 quae
181 1557 284 1616 nuper
306 1537 348 1600 ad
372 1557 423 1598 me
446 1538 538 1599 simul
562 1541 715 1618 impressa
739 1558 809 1600 esse
824 1539 983 1618 scripsisti,
999 1541 1075 1600 item
1099 1538 1232 1602 Suidam
1255 1556 1415 1620 graecum.
1439 1536 1529 1597 Vale.

79 1640 179 1706 Datae
206 1641 468 1722 Hassensteynae
491 1642 601 1704 ultima
624 1641 750 1722 Aprilis.

162 1812 256 1880 Darky
270 1798 456 1866 Bohuslavovi
469 1813 579 1866 zaslane
592 1814 686 1882 tykaly
703 1831 732 1866 se
747 1813 902 1882 strojnictvl
921 1813 1108 1878 hodinoveho,
1124 1813 1171 1881 jak
1189 1811 1418 1880 znasledujlcich
1438 1811 1531 1864 omluv

79 1899 268 1967 aisatelovy'ch
288 1900 404 1969 vysvita.
433 1900 530 1952 Srovn.
550 1900 595 1953 list
616 1900 673 1953 121.
702 1900 754 1953 Del
772 1901 1004 1970 Augustinovych
1024 1902 1137 1954 minino
1157 1899 1260 1968 nejspis
1279 1899 1380 1968 vyddnl
1400 1897 1528 1952 Partiske

79 2003 87 2039 1
106 2005 128 2039 1.
149 1986 232 2039 1502:
251 1986 398 2054 Augustini
418 1989 551 2055 opuscula
570 1987 747 2056 coimpressa.
776 1990 800 2041 Ο
819 1989 927 2042 slovnllr
946 1989 1031 2058 ieclty
1050 1988 1156 2042 Suiddv
1175 1987 1281 2040 idddno
1296 1986 1334 2054 111
1353 2005 1370 2039 v
1389 1986 1450 2039 liste
1470 1985 1528 2038 121.

765 2270 834 2333 124.

495 2405 715 2480 Bohuslav
737 2406 891 2500 Janovi
919 2430 942 2480 z
970 2406 1112 2503 Pibry.

162 2576 182 2631 Ζ
203 2576 357 2634 Ηιείἒῑοίηε
375 2577 467 2645 (1506)
481 2607 513 2615 -
526 2577 571 2633 30.
590 2577 695 2635 11111111.
723 2579 870 2647 Schvaluje
890 2581 981 2648 timysl
998 2580 1071 2647 jeho,
1090 2581 1133 2632 ale
1152 2579 1229 2647 posel
1249 2596 1280 2631 se
1299 2594 1345 2630 mu
1364 2576 1458 2639 neubi,
1474 2575 1529 2644 jejt

79 2666 143 2717 nini
160 2666 213 2735 Jan
240 2664 348 2717 11111111
372 2665 418 2718 tak
436 2664 623 2718 vznesenkmu
642 2665 751 2734 vyslati‚
771 2666 897 2733 zejmena
915 2667 1028 2736 protoie
1053 2666 1128 2735 posel
1152 2666 1217 2719 nenl
1236 2665 1347 2719 katolik.
1378 2664 1457 2730 uadi,
1475 2663 1529 2732 aby

79 2753 205 2823 ryhledal
224 2752 247 2805 si
263 2751 368 2820 jineho.
398 2752 474 2806 Tale
494 2752 626 2805 darovdnl
645 2755 762 2822 syredkb
788 2753 976 2821 neschvaluje.
1006 2751 1529 2820 0111111111,11111Ρ1111ον1111111

79 2860 89 2892 r
105 2840 222 2907 jednani
241 2839 327 2908 stry'ci
345 2839 458 2908 Jirtkovi
477 2856 492 2892 z
511 2839 667 2902 Gutsteina,
687 2841 765 2908 111111
784 2842 857 2894 chtel
880 2841 922 2909 jiti
942 2843 975 2895 ke
994 2841 1061 2894 1111111
1083 2841 1249 2904 1111116111;
1272 2840 1357 2893 avsalr
1375 2839 1433 2893 kral
1452 2846 1529 2892 tento

79 2929 122 2996 111
143 2926 283 2995 najednou
301 2926 402 2980 zdviha
420 2926 502 2979 vallio
520 2926 591 2996 proti
611 2927 808 2982 Vladislavovi.
827 2928 886 2981 aad
904 2928 941 2998 by
959 2946 989 2982 se
1008 2929 1125 2981 doveddl
1144 2930 1219 2997 prod.
1238 2928 1317 2997 (Luc.
1336 2927 1406 2996 112.)

157 3104 275 3186 Joanni
299 3103 340 3165 de
363 3103 456 3165 Pibra
480 3114 538 3166 etc.
553 3124 578 3167 s.
593 3123 622 3183 p.
642 3104 672 3166 d.
695 3103 834 3168 Consilia
857 3119 912 3169 tua
935 3110 1115 3186 praesentia
1138 3107 1213 3169 mihi
1238 3107 1422 3185 probantur,
1438 3117 1479 3180 et,
1495 3116 1529 3166 ut

79 3221 185 3289 iperte
209 3208 322 3285 dicam,
347 3227 430 3288 quae
452 3209 565 3281 senti0,
590 3210 748 3288 prioribus
778 3211 873 3292 longe
904 3212 1035 3274 meliora
1061 3224 1150 3274 sunt:
1180 3214 1315 3274 nuncius
1337 3222 1445 3272 tamen
1467 3210 1529 3271 dis-

79 3317 176 3377 >licet.
202 3313 317 3394 Neque
340 3316 426 3375 enim
449 3315 475 3374 is
497 3325 553 3387 est,
570 3326 604 3376 ut
627 3316 657 3375 in
681 3334 714 3376 re
737 3326 826 3378 tanta
848 3328 880 3378 et
901 3317 944 3378 ad
967 3317 1131 3378 hominem
1153 3319 1233 3378 tanti
1255 3316 1395 3377 nominis
1417 3314 1475 3375 abs
1499 3325 1529 3375 te

79 3429 210 3481 toneste
233 3419 312 3481 mitti
335 3421 453 3498 possit;
476 3438 580 3498 neque
603 3430 660 3494 est,
676 3418 765 3500 quod
788 3432 820 3483 te
843 3440 973 3483 movere
996 3421 1122 3495 debeat,
1138 3424 1163 3482 si
1180 3423 1281 3500 prima
1304 3420 1406 3481 fronte
1422 3419 1529 3480 nescio

79 3521 152 3602 quid
169 3541 324 3605 magnum
344 3523 484 3602 polliceri
500 3523 630 3599 videtur,
647 3527 800 3605 quoniam
824 3526 989 3606 loquacior
1003 3524 1164 3588 interdum
1179 3537 1236 3599 est,
1252 3543 1349 3606 quam
1366 3534 1528 3604 oporteat:

80 3627 193 3690 dsunt
215 3637 247 3688 et
265 3626 345 3689 aliae
367 3647 491 3702 causae,
507 3648 644 3709 quarum
659 3627 707 3691 vel
723 3628 774 3691 illa
796 3632 962 3710 potissima
985 3642 1043 3710 est,
1059 3630 1147 3710 quod
1171 3631 1239 3692 eius
1261 3640 1367 3691 sectae
1382 3628 1528 3689 homines

79 3753 93 3794 1
122 3731 252 3793 ditione
281 3734 424 3811 episcopi
449 3733 700 3813 HerbipolensiS,
725 3737 779 3813 qui
809 3734 871 3796 hoc
898 3745 1044 3815 tempore
1074 3737 1221 3815 princeps
1247 3733 1383 3795 familiae
1405 3743 1527 3793 vestrae

79 3849 123 3912 st,
152 3855 269 3916 parum
291 3840 412 3916 accepti
435 3848 517 3899 sunt.
552 3838 671 3918 ltaque,
694 3841 720 3901 si
743 3857 792 3899 res
815 3840 937 3922 integra
961 3840 1018 3901 tibi
1040 3850 1097 3912 est,
1120 3841 1218 3902 tutius
1247 3839 1383 3899 arbitror
1404 3847 1528 3898 mutare

79 3940 261 4013 istitutum,
285 3941 417 4022 quando
440 3961 506 4003 non
529 3942 644 4005 desunt
668 3942 824 4018 homines,
847 3963 986 4024 quorum
1017 3963 1115 4023 opera
1138 3945 1169 4004 in
1192 3941 1375 4004 huiusmodi
1398 3942 1527 4022 negotio

79 4043 277 4110 ommodius
300 4048 344 4108 uti
368 4048 479 4124 possis.
514 4045 612 4126 Quod
643 4059 750 4110 autem
782 4066 834 4108 me
864 4051 895 4109 in
927 4048 1030 4122 literis,
1053 4067 1134 4127 quas
1163 4046 1206 4109 ad
1232 4047 1359 4108 fratrem
1381 4046 1528 4126 proxime

79 4150 199 4223 edisti,
222 4168 388 4211 caseorum
410 4150 549 4211 iudicem
572 4152 746 4226 constituis,
763 4153 842 4215 scito
865 4154 896 4213 in
919 4152 1097 4215 Franconia
1122 4151 1215 4231 (pace
1237 4153 1358 4230 patriae
1380 4146 1528 4227 dixerim)

79 4256 222 4319 teliores
244 4272 356 4315 caseos
378 4256 496 4316 nostris
518 4255 633 4315 haberi.
666 4254 888 4335 Quamobrem
911 4256 1137 4319 abstinendum
1162 4277 1181 4317 a
1204 4255 1320 4317 talibus
1344 4254 1528 4316 muneribus

79 4378 201 4432 ense0,
224 4377 264 4419 ne
287 4359 342 4421 tibi
366 4361 538 4441 contingat,
556 4359 645 4439 quod
669 4359 885 4423 Grecensibus
909 4363 1033 4434 nostris,
1057 4362 1112 4440 qui
1135 4360 1214 4422 dum
1237 4378 1339 4438 nuper
1361 4358 1403 4419 ad
1426 4360 1529 4440 regias

79 4466 202 4546 uptias
218 4461 328 4524 Budae
351 4464 464 4524 similia
487 4483 620 4525 munera
642 4464 788 4539 offerunt,
805 4464 942 4527 ludibrio
966 4464 1171 4526 aPannoniis
1193 4464 1292 4525 babiti
1314 4472 1397 4524 sunt.
1420 4460 1529 4524 Avun-

79 4570 160 4633 ulus
177 4586 271 4627 meus
293 4566 445 4629 dominus
461 4566 618 4649 Georgius
642 4567 683 4628 de
699 4567 900 4646 Gutensteyn
925 4568 1125 4646 profecturus
1144 4580 1211 4630 erat
1227 4568 1268 4630 ad
1285 4587 1393 4650 regem
1410 4566 1530 4628 Roma·

79 4691 205 4738 orum:
229 4672 302 4733 huic
318 4691 448 4732 causam
471 4682 560 4734 tuam
583 4691 648 4733 non
664 4672 848 4753 vulgaribus
870 4674 975 4734 verbis
998 4675 1153 4747 commisi,
1173 4691 1278 4753 neque
1301 4671 1351 4734 ille
1375 4671 1528 4732 dubitavit

79 4794 204 4841 mnem
229 4793 363 4853 operam
386 4775 647 4858 diligentiamque
670 4795 762 4837 suam
786 4776 861 4837 mihi
884 4778 1004 4856 tibique
1027 4796 1124 4856 quam
1148 4776 1365 4838 liberalissime
1381 4773 1528 4854 polliceri,

79 4883 309 4963 perabamque
330 4879 449 4959 aliquid
472 4880 668 4951 effecturum,
692 4881 782 4960 quod
805 4883 949 4943 instituto
973 4891 1083 4942 nostro
1106 4881 1312 4955 conduceret;
1341 4879 1398 4941 sed
1421 4881 1528 4940 nescio

80 5004 154 5050 uae
179 5003 266 5044 nova
290 4995 433 5046 monstra
456 4985 579 5045 interim
603 4995 719 5046 exorta
742 4997 823 5055 sunt,
840 4985 881 5046 de
904 4987 1021 5065 quibus
1044 4989 1139 5066 cupio
1163 4986 1221 5046 abs
1245 4997 1276 5047 te
1299 4985 1392 5047 latius
1415 4984 1528 5064 aperti-

80 5108 174 5171 sque
199 5088 337 5150 edoceri.
362 5088 453 5151 llllulti
477 5091 561 5149 enim
585 5089 724 5150 simulari
746 5089 827 5150 haec
849 5099 962 5169 putant
985 5089 1027 5151 ad
1043 5090 1226 5151 Pannonios
1249 5092 1279 5150 in
1303 5088 1407 5151 officio
1428 5090 1528 5149 conti-

81 5191 207 5257 endos.
235 5190 359 5269 Quodsi
382 5192 549 5275 Augustus
571 5193 746 5274 principem
770 5204 914 5254 nostrum
937 5213 995 5273 spe
1018 5197 1104 5273 pacis
1127 5194 1383 5274 concordiaeque
1405 5191 1527 5253 tamdiu

79 5297 272 5365 adificatum
303 5298 409 5362 subito
440 5301 568 5362 minime
598 5298 752 5362 simulatis
783 5300 877 5360 armis
908 5317 1077 5381 aggressus
1108 5307 1164 5372 est,
1191 5297 1266 5361 nihil
1297 5297 1382 5360 aliud
1412 5297 1526 5369 habeo,
