3660 5850
867 379 960 438 1502
1589 379 1640 433 133

185 594 294 674 agam)
317 596 426 656 omnia
456 596 512 657 tibi
541 593 628 673 apud
656 613 708 654 me
736 592 985 674 impetrabiliora
1014 604 1114 670 erunt,
1145 607 1268 675 quanto
1296 596 1398 676 magis
1419 596 1525 657 literas
1548 594 1639 656 disci-

183 699 352 779 plinasque
374 697 488 761 foveris
511 710 608 778 atque
631 697 788 759 dilexeris.
812 698 971 760 Fortassis
993 717 1069 759 nam
1091 701 1223 773 eveniet,
1246 708 1281 760 ut
1297 695 1430 761 Cadana
1452 717 1519 759 non
1534 697 1639 759 minus

184 814 241 863 tuo
264 821 365 882 quam
387 803 617 864 avunculorum
641 816 769 865 tuorum
793 804 920 885 ingenio
944 814 976 864 et
998 802 1143 864 doctrina
1165 802 1248 864 clara
1264 802 1464 882 celebrisque
1480 800 1639 863 reddatur.

186 905 287 968 Multa
310 905 402 969 addis
429 908 461 967 in
491 906 626 985 epistola
655 919 710 968 tua
737 915 768 966 et
799 925 851 966 me
881 905 1029 969 laudibus
1060 909 1167 968 nescio
1191 908 1308 988 quibus
1332 905 1364 967 in
1386 907 1512 968 coelum
1536 904 1639 980 effers,

183 1022 281 1091 atque
306 1024 339 1072 ut
362 1009 492 1092 quidam
514 1009 683 1071 Thersiten
706 1021 913 1090 caeterasque
928 1011 1085 1085 materias,
1106 1030 1187 1092 quas
1210 1012 1344 1073 infames
1366 1021 1491 1085 vocant,
1515 1011 1574 1070 sibi
1597 1009 1639 1072 ad

184 1113 401 1176 exercendum
424 1117 585 1196 ingenium
608 1113 764 1197 deligunt:
788 1117 831 1175 ita
853 1125 888 1176 tu
912 1134 963 1176 me
986 1116 1188 1195 potissimum
1210 1116 1266 1178 tibi
1290 1115 1503 1194 desumpsisti,
1525 1116 1640 1195 inquo

183 1217 348 1280 laudando
371 1230 402 1280 et
425 1217 612 1281 extollendo
636 1219 715 1280 vires
731 1230 803 1280 tuas
818 1218 978 1280 ostendas.
1000 1218 1067 1283 Sed
1089 1238 1128 1280 ea
1143 1221 1251 1281 omnia
1274 1238 1336 1302 ego
1359 1237 1464 1300 neque
1487 1237 1641 1301 agnosco,

184 1322 275 1403 quod
306 1324 439 1383 omnino
467 1326 653 1404 arrogantis,
683 1341 789 1403 neque
822 1323 940 1398 refello,
963 1322 1053 1403 quod
1076 1322 1196 1385 ridiculi
1219 1334 1313 1396 esset,
1342 1321 1416 1384 talia
1438 1324 1535 1384 etiam
1558 1334 1640 1395 sunt,

184 1438 220 1488 ut
242 1440 359 1507 sponte
381 1445 440 1488 sua
463 1429 589 1488 nemine
612 1426 795 1507 impellente
814 1438 915 1490 ruant.
940 1427 1055 1508 Neque
1077 1439 1125 1490 est
1148 1447 1203 1489 cur
1226 1428 1405 1489 auctoritati
1429 1425 1556 1488 Martini
1578 1430 1641 1489 mei

184 1528 360 1593 lllellerstat
384 1531 444 1592 hoc
467 1542 613 1611 tempore
636 1531 741 1594 cedas,
779 1530 878 1595 Amat
901 1534 985 1593 enim
1009 1531 1059 1594 ille
1082 1551 1135 1593 me
1165 1550 1371 1612 summopere
1393 1550 1499 1611 neque
1521 1531 1553 1593 id
1575 1551 1641 1593 me

185 1638 249 1696 ritis
272 1637 353 1697 meis
376 1634 433 1697 sed
457 1654 514 1697 sua
537 1635 734 1698 humanitate
758 1636 837 1711 facit,
868 1647 965 1717 atque
987 1635 1061 1699 ideo
1085 1637 1175 1715 plura
1203 1636 1279 1697 mihi
1301 1637 1416 1710 tribuit,
1439 1655 1537 1717 quam
1561 1635 1641 1697 ferre

185 1758 332 1820 possum,
364 1758 530 1820 quumque
561 1741 629 1821 ipse
660 1759 796 1823 magnus
826 1744 865 1804 sit
893 1760 998 1821 neque
1027 1740 1133 1803 solum
1155 1743 1237 1803 vitae
1259 1742 1438 1822 integritate
1464 1739 1642 1829 sedetiam

185 1846 274 1906 omni
302 1843 462 1905 literarum
484 1863 601 1927 genere
623 1856 761 1925 praestet
788 1856 820 1907 et
847 1846 1027 1920 antecellat,
1058 1864 1110 1905 me
1137 1845 1287 1924 pusillum
1310 1846 1375 1906 suis
1397 1846 1525 1907 metitur
1547 1846 1641 1906 virtu·

186 1950 281 2012 tibus.
306 1944 477 2010 Caeterum
500 1967 561 2030 ego
584 1949 807 2012 imbecillitatis
829 1968 922 2011 meae
951 1951 1099 2012 conscius
1122 1948 1198 2011 nihil
1221 1949 1296 2011 mihi
1319 1948 1501 2011 huiusmodi
1524 1968 1642 2031 arrogo

187 2052 339 2132 maloque
362 2073 381 2113 a
404 2051 592 2115 doctissimo
608 2072 741 2135 quoque
763 2056 862 2115 amari
878 2073 977 2134 quam
992 2053 1122 2128 laudari,
1145 2072 1262 2134 nempe
1284 2072 1385 2135 quum
1408 2071 1642 2132 saepenumero

186 2156 320 2231 accidat,
354 2168 389 2218 ut
419 2156 498 2219 dum
527 2177 591 2219 non
626 2177 800 2239 possumus
823 2159 1038 2237 expectationi
1065 2157 1105 2219 de
1136 2157 1229 2219 uobis
1259 2158 1301 2219 ab
1330 2158 1441 2219 amicis
1463 2158 1642 2218 concitatae

186 2259 374 2334 satisfacere,
405 2261 542 2323 ludibrio
565 2264 714 2324 omnibus
737 2263 844 2323 simus.
882 2261 1017 2323 Munera
1039 2272 1095 2324 tua
1118 2262 1193 2323 mihi
1220 2260 1399 2323 admodum
1422 2271 1513 2342 grata
1534 2262 1643 2321 iucun-

187 2362 295 2442 daque
318 2378 399 2438 sunt,
435 2377 547 2444 utpote
580 2385 664 2446 quac
697 2375 809 2427 auctor
843 2365 891 2448 (ut
920 2367 1020 2446 inquit
1048 2362 1110 2447 ille)
1134 2366 1279 2445 preciosa
1311 2365 1396 2438 facit;
1427 2382 1556 2446 agoque
1586 2366 1642 2426 tibi

188 2473 304 2551 gratias
328 2488 387 2530 nec
410 2469 567 2531 dubitabo
591 2470 715 2545 referre,
737 2472 763 2531 si
779 2469 855 2550 quid
871 2469 1044 2551 aliquando
1067 2473 1098 2531 in
1121 2489 1174 2532 me
1190 2473 1255 2544 erit,
1271 2468 1360 2550 quod
1377 2469 1492 2530 honori
1513 2468 1642 2550 gloriae-

187 2592 250 2653 que
274 2592 348 2634 meo
372 2573 620 2636 Bartholomaeo
644 2593 715 2637 csse
738 2578 846 2655 possit.
871 2574 963 2636 Vale.
987 2574 1092 2636 Martii
1114 2573 1202 2637 XIV.

274 2760 408 2813 Adressat
432 2760 496 2813 listu
519 2762 626 2824 tohoto‚
654 2763 820 2829 Bartolomij
846 2749 938 2830 Cerni
965 2759 1037 2814 nebo
1065 2761 1195 2814 Schwarz
1218 2776 1233 2812 z
1257 2760 1379 2822 KadanE,
1408 2762 1505 2828 patrue
1531 2759 1641 2812 tenkrat

189 2848 316 2901 studoval
329 2848 463 2916 vLipslru
482 2848 536 2916 pod
556 2847 703 2903 Martinem
723 2848 875 2901 Pollichem
895 2849 1112 2910 zMellerstattu‚
1132 2846 1261 2914 anamim
1281 2846 1406 2914 piltelem
1426 2846 1532 2899 naieho
1551 2846 1642 2898 Bohu-

190 2937 274 2998 slava,
294 2934 406 2988 inledel
425 2934 525 2997 listem,
545 2934 675 2988 hucmui
693 2935 744 2987 zde
764 2935 948 3003 odpovldano,
967 2933 1064 2987 zlskati
1083 2934 1105 2986 si
1119 2934 1213 3002 pliznd
1233 2933 1360 2986 udeneho
1372 2950 1389 2986 a
1401 2933 1546 2986 vzdcneho
1562 2933 1642 3002 pina.

190 3023 357 3091 Dotieny¹ch
377 3041 393 3074 v
412 3022 476 3076 listu
501 3023 695 3076 Bohuslavove
720 3022 815 3090 strycli
839 3021 914 3088 jeho,
930 3020 1032 3089 jejichi
1057 3021 1174 3073 uienost
1195 3037 1225 3072 se
1244 3019 1408 3089 piipomlnd,
1433 3020 1576 3083 manime,
1600 3021 1643 3073 ale

190 3110 367 3162 domniname
386 3127 426 3171 se,
439 3109 470 3161 ic
487 3108 569 3176 jeden
587 3126 602 3161 z
616 3109 681 3162 nich
692 3107 747 3176 jest
761 3110 796 3161 M.
810 3109 920 3161 Matous
932 3125 947 3160 z
960 3107 1083 3168 Kadane.
1105 3107 1313 3176 »incorporatus
1329 3106 1454 3160 lacultati
1468 3107 1643 3175 theologicae

190 3196 248 3250 sine
273 3196 445 3264 praeiudicio
468 3196 601 3249 aliorum«
621 3213 638 3247 v
657 3195 760 3264 Lipslru
785 3195 807 3248 l.
832 3195 885 3248 list
910 3194 978 3247 1483
1000 3195 1134 3263 (Brieger,
1163 3195 1216 3247 Die
1241 3195 1362 3263 theolog.
1390 3193 1590 3248 Promotionen
1615 3194 1643 3247 in

191 3283 306 3351 Leipzig
327 3280 506 3346 trau-ram
530 3282 645 3351 Leipzig
666 3281 751 3349 1890),
770 3282 859 3350 druh)i
883 3282 952 3334 snad
972 3298 1044 3333 onen
1070 3285 1169 3349 pievor
1186 3281 1368 3334 dominilrdnli
1393 3268 1583 3348 Rezenskych
1602 3280 1644 3348 Jo-

190 3371 299 3424 hannes
323 3369 409 3437 Nigri,
435 3369 513 3437 lrtery
532 3369 572 3437 pli
591 3368 755 3437 dopisovirnl
781 3368 927 3422 Schottovi
945 3384 978 3421 za
996 3368 1189 3437 prostiednilra
1214 3367 1401 3421 Bohuslavovi
1427 3368 1517 3436 nekdy
1536 3385 1566 3420 se
1585 3384 1644 3435 pro·

191 3457 318 3526 pbjdoval
336 3458 439 3524 (srovn.
458 3456 503 3509 list
522 3455 556 3523 i).

893 3705 942 3766 96.

379 3842 599 3916 Bohusiav
624 3842 853 3915 Martinovi
883 3841 1120 3916 Pollichovi
1146 3864 1170 3912 z
1192 3840 1465 3916 Mellerstatu.

705 3998 824 4085 (dryrolr
843 4029 858 4068 z
877 4013 937 4069 llslu
957 4029 972 4068 z
992 4029 1013 4069 r.
1033 4011 1134 4080 iiim)

277 4134 435 4202 Schvatuje,
454 4135 486 4188 ie
505 4137 631 4188 lronedne
650 4134 742 4187 iivota
760 4133 800 4203 pli
819 4135 903 4187 dvoie
923 4132 1039 4186 nabaiiv
1058 4150 1088 4186 se
1108 4133 1292 4201 kprotessure
1316 4149 1352 4185 na
1370 4131 1521 4186 universite
1540 4132 1643 4201 Lipslte

191 4221 384 4280 sevrati1.t‹de
395 4239 441 4274 mu
451 4222 507 4289 jest
520 4220 649 4275 obcovati
660 4241 673 4275 s
683 4221 756 4274 muli
769 4221 977 4289 znamenity'mi.
989 4221 1040 4289 Jen
1051 4218 1255 4273 humanisticlra
1268 4219 1367 4282 studia,
1378 4218 1475 4286 jsouce
1488 4220 1644 4289 poklaotna

191 4325 222 4361 za
245 4308 421 4376 neplatelslra
444 4309 660 4377 theologiclrym,
688 4311 737 4377 pry
761 4309 835 4362 malo
859 4316 915 4362 tam
945 4308 1101 4377 prosplvaji.
1132 4308 1181 4360 Ale
1207 4307 1388 4375 Wimpinova
1410 4307 1496 4360 bascli
1518 4307 1568 4376 pry
1589 4305 1644 4373 jest

191 4395 280 4463 palma
299 4395 377 4447 krom
395 4395 459 4448 tech
478 4393 665 4464 barbarslrych
681 4395 758 4463 jmen
778 4396 924 4448 vlastnlch.
943 4396 984 4463 (C.
1003 4394 1163 4462 Wimpinae
1183 4393 1337 4462 Responsio
1354 4401 1383 4447 et
1397 4393 1527 4462 apologia
1545 4400 1643 4447 contra

192 4480 392 4535 Laconismum
412 4481 557 4535 cuiusdam
576 4482 686 4546 medici,
705 4500 727 4536 s.
746 4484 763 4536 Ι.
782 4490 810 4535 et
827 4499 861 4545 a,
880 4481 951 4550 sign.
972 4483 993 4533 F
1012 4480 1048 4549 5.)

277 4656 376 4736 Quod
400 4659 532 4722 tandem
555 4670 704 4740 pertesus
727 4661 848 4721 curiam
871 4658 913 4721 ad
935 4661 1032 4721 vitam
1056 4661 1210 4738 privatam
1234 4656 1362 4736 rediisti,
1387 4659 1492 4735 probo
1515 4692 1558 4702 —
1601 4692 1644 4702 -

193 4866 328 4928 Accedit
350 4865 399 4927 his
421 4867 482 4928 alia
504 4868 727 4941 commoditas,
758 4867 848 4947 quod
872 4868 902 4928 in
933 4866 1120 4927 achademia
1150 4865 1297 4943 Lipsensi
1319 4867 1400 4928 inter
1429 4865 1576 4928 homines
1599 4867 1645 4927 tui

193 4969 312 5031 ordinis
334 4968 431 5051 degis,
447 4981 479 5031 et
495 4989 690 5050 quocunque
713 4972 808 5032 vertis
831 4970 952 5043 oculoS,
977 4980 1085 5049 presto
1101 4969 1157 5030 tibi
1177 4979 1250 5030 sunt
1266 4968 1424 5043 Platones,
1447 4966 1645 5043 Aristoteles,

193 5072 372 5155 Augustini,
404 5072 603 5151 Hieronymi,
633 5074 769 5147 Thome,
799 5073 895 5148 Scoti,
929 5073 1142 5154 Hippocrates
1165 5086 1197 5136 et
1219 5071 1352 5148 Galieni,
1380 5085 1414 5135 ut
1437 5074 1583 5155 litargum
1607 5069 1645 5156 (si

192 5197 257 5258 quo
280 5177 415 5239 infectus
437 5174 485 5259 es)
508 5178 598 5239 facile
620 5198 733 5240 eorum
757 5178 919 5256 colloquio
942 5176 1100 5256 depellere
1124 5179 1240 5256 possis:
1264 5179 1481 5239 mansuetiora
1512 5175 1643 5256 quidem

192 5281 308 5358 studia,
323 5300 387 5362 que
402 5282 545 5365 religioni
560 5281 729 5344 christiane
748 5285 875 5343 inimica
896 5293 1089 5363 putarentur,
1105 5301 1219 5361 parum
1233 5293 1284 5344 sat
1299 5281 1452 5343 hactenus
1468 5283 1644 5363 viguerunt.
