3660 5850
878 382 966 442 15oe

886 613 953 676 llil.

447 748 527 842 Jan
557 749 734 824 Sturnus
763 750 1002 846 Augustinu
1032 751 1382 828 Olomouckemu.

278 916 467 977 Ziluidlelna
486 921 551 977 ¹5⁰8
565 953 596 961 -
610 922 655 977 26.
669 936 740 990 pros.
760 923 852 976 Poslla
870 923 951 991 elegii
971 924 1168 978 Bohuslavovu
1186 942 1221 977 na
1240 933 1310 978 smrt
1327 924 1463 994 kralovny
1481 925 1575 992 Anny,
1592 923 1647 992 aby

187 1001 208 1069 ji
222 1004 352 1070 pledloiil
370 1007 547 1061 truchliclmu
566 1008 646 1071 hrain
666 1017 759 1077 potom
777 1008 855 1076 jinou
873 1009 956 1062 tehoi
974 1010 1060 1063 baseil
1079 1011 1113 1065 ke
1134 1010 1165 1063 14
1178 1028 1219 1064 sv.
1231 1011 1438 1080 pomocnilrdm,
1458 1028 1477 1062 v
1490 1009 1537 1064 nli
1556 1010 1648 1064 Bohu-

191 1091 305 1144 slavova
324 1101 401 1146 cesta
419 1094 513 1147 kratce
531 1096 665 1164 vypsdna.
683 1097 768 1163 (Farr.
787 1096 858 1164 203.)

274 1266 415 1349 loannes
438 1270 573 1334 Sturnus
597 1271 779 1355 Augustino
809 1295 869 1336 suo
892 1273 1102 1336 Olomucensi
1125 1296 1148 1337 s.
1171 1275 1201 1337 d.
1236 1274 1417 1337 Bohuslaus
1446 1294 1550 1346 meus,
1582 1277 1650 1336 imo

189 1374 285 1433 etiam
301 1384 383 1447 tuus,
399 1377 443 1435 vir
458 1379 622 1458 utriusque
646 1378 778 1459 linguae,
803 1377 833 1439 id
856 1378 945 1458 quod
970 1398 1034 1440 non
1058 1381 1193 1460 ignoras,
1212 1378 1440 1441 humanissime
1455 1377 1650 1461 Augustine,

189 1478 221 1536 in
243 1479 353 1556 primis
376 1479 527 1554 eruditus,
550 1492 584 1542 ut
608 1501 661 1561 nu¹
676 1501 709 1544 er
732 1484 763 1544 in
786 1485 878 1564 regiis
908 1484 974 1545 istis
997 1483 1116 1563 nuptiis
1146 1502 1274 1546 summa
1296 1483 1471 1562 voluptate,
1495 1485 1539 1544 ita
1563 1502 1651 1544 nunc

188 1582 219 1640 in
235 1583 363 1662 reginae
387 1583 477 1645 obitu
501 1585 649 1666 singulari
672 1585 807 1649 affectus
830 1598 879 1650 est
901 1588 1002 1648 luctu:
1028 1606 1124 1666 quem
1148 1599 1256 1649 tamen
1272 1587 1509 1649 amarissimum
1525 1587 1650 1648 luctum

187 1703 261 1745 cum
285 1688 315 1746 in
340 1706 413 1768 rege
436 1691 606 1763 statuisset,
630 1692 661 1751 in
685 1710 720 1752 se
742 1688 813 1773 (sic)
836 1693 973 1771 primum
1005 1690 1134 1753 mirifice
1163 1690 1224 1752 hac
1251 1690 1352 1773 elegia
1375 1702 1424 1753 est
1447 1690 1649 1752 consolatus.

187 1788 286 1868 Quod
310 1793 503 1871 simulatque
525 1813 763 1874 perspexeram,
785 1794 955 1856 arbitratus
985 1814 1104 1874 operae
1131 1797 1267 1874 pretium
1292 1795 1368 1868 sore,
1391 1797 1417 1856 si
1441 1807 1475 1856 et
1498 1797 1570 1874 ipse
1593 1814 1651 1855 rex

187 1893 358 1972 lachrymis
373 1914 457 1974 pene
472 1899 535 1958 iam
554 1898 719 1960 conlectus
740 1908 830 1961 tanta
853 1910 984 1978 tamque
1006 1899 1165 1977 praesenti
1187 1898 1408 1961 consolatione
1432 1918 1501 1960 non
1517 1910 1650 1970 careret,

188 1997 305 2060 hortari
328 2003 420 2079 coepi
445 2001 609 2063 hominem
632 2003 682 2064 hic
706 2005 803 2064 etiarn
826 2004 970 2065 subiecto
994 2007 1232 2085 epigrammate,
1248 2001 1318 2063 vela
1333 2004 1436 2065 ventis
1459 2001 1518 2065 det
1537 2014 1571 2064 et
1588 2003 1650 2064 ele-

186 2102 271 2181 giam
294 2102 376 2165 hanc
399 2106 648 2167 consolatoriam
671 2106 712 2167 ad
736 2125 853 2188 regem,
869 2109 900 2168 in
916 2109 1006 2169 cuius
1028 2107 1283 2169 consolationem
1307 2108 1425 2185 scripta
1440 2117 1499 2178 est,
1516 2105 1650 2185 prodire

186 2209 276 2268 sinat
309 2205 377 2270 Sed
401 2209 490 2272 Deus
514 2212 608 2279 bone,
632 2213 703 2290 quis
726 2210 846 2272 homini
877 2212 908 2272 in
938 2210 1073 2273 edendis
1104 2209 1216 2272 libellis
1237 2212 1332 2271 nimis
1355 2207 1460 2290 (quod
1484 2230 1568 2291 pace
1592 2231 1650 2273 sua

186 2309 304 2391 dicam)
329 2312 479 2375 modesto
502 2314 704 2393 persuadeat,
728 2325 763 2376 ut
786 2317 910 2377 minora
939 2315 1019 2376 haec
1042 2325 1072 2375 et
1097 2317 1216 2396 exigua
1244 2313 1328 2388 edat,
1351 2315 1405 2394 qui
1433 2313 1583 2375 maxima
1607 2317 1649 2376 ita

184 2415 322 2497 negligit,
345 2428 380 2479 ut
403 2437 468 2479 non
492 2438 594 2497 pauca
618 2419 741 2497 pridem
765 2439 783 2480 a
807 2419 914 2482 blattis
943 2430 1040 2499 atque
1064 2419 1207 2480 muribus
1230 2437 1361 2480 corrosa
1383 2419 1512 2482 videres
1535 2430 1570 2481 et
1592 2421 1650 2481 ab

185 2520 333 2597 sumpta?
356 2518 455 2599 Quod
477 2541 517 2583 ne
541 2523 612 2585 huic
636 2543 766 2605 quoque
790 2523 948 2586 accideret
971 2524 1087 2598 libelle,
1103 2525 1203 2604 eripui
1225 2523 1322 2584 invito
1339 2524 1517 2602 nescioque
1533 2534 1649 2584 autore

185 2634 218 2683 et
239 2626 403 2704 exerpsi,
420 2627 549 2706 tibique,
574 2639 608 2690 ut
631 2631 696 2711 regi
718 2631 845 2708 copiam
868 2631 936 2690 eius
959 2628 1062 2701 laciaS,
1079 2631 1179 2690 mitto,
1203 2626 1277 2690 Scio
1300 2628 1394 2702 enim,
1410 2647 1477 2707 qua
1500 2627 1649 2689 humani·

186 2736 251 2788 tate
274 2728 443 2807 complecti
467 2731 578 2793 solitus
601 2751 636 2792 es
659 2753 677 2793 a
701 2732 864 2795 Bohuslao
887 2744 998 2795 nostro
1029 2734 1147 2810 scripta
1170 2732 1287 2792 omnia
1310 2728 1416 2809 Quem
1441 2730 1528 2793 haud
1554 2751 1650 2794 secus

185 2848 309 2908 quaeso
325 2835 468 2912 accipias,
485 2844 583 2915 atque
607 2839 803 2914 optimorum
827 2838 1003 2898 amicorum
1020 2855 1152 2896 munera
1168 2854 1283 2914 capere
1299 2837 1503 2908 consuevisti,
1519 2844 1554 2895 et
1571 2837 1649 2896 boni

185 2934 344 2996 consulas.
368 2936 483 3016 Neque
507 2939 551 3000 ob
574 2939 605 3000 id
630 2943 733 3001 minus
757 2942 812 3002 tibi
836 2951 945 3021 gratus
961 2941 999 3002 sit
1016 2940 1109 3002 velim
1133 2940 1182 3001 hic
1204 2938 1337 3013 libellus,
1354 2937 1445 3019 quod
1469 2957 1565 3001 meus
1582 2958 1648 3000 non

186 3050 242 3111 est,
259 3042 312 3117 qui
329 3042 440 3119 utiquc
464 3061 554 3104 meus
577 3055 640 3104 est:
665 3065 721 3124 per
745 3064 797 3105 me
819 3064 960 3125 namque
983 3045 1025 3105 ab
1049 3045 1176 3106 interitu
1199 3043 1377 3105 vindicatus
1393 3042 1573 3122 publicum,
1589 3042 1648 3104 sed

185 3160 249 3202 non
273 3144 341 3203 sine
364 3154 421 3205 tuo
445 3148 594 3224 auspicio,
617 3149 774 3221 sortietur,
798 3168 863 3210 non
895 3148 1041 3231 indignus
1071 3159 1157 3209 certe
1188 3166 1293 3227 neque
1316 3158 1429 3208 autore
1452 3166 1514 3209 suo
1538 3166 1648 3227 neque

186 3245 239 3305 illo
263 3248 333 3324 ipso
357 3267 432 3328 rege
463 3264 496 3311 ut
527 3251 843 3331 magnificentissimo
867 3256 909 3314 ita
933 3251 1235 3324 munificentissimo
1259 3248 1352 3330 qui,¹)
1374 3252 1434 3312 nisi
1458 3269 1513 3312 me
1535 3262 1649 3313 nostra

186 3347 262 3410 saliit
293 3352 412 3428 opinio,
436 3372 500 3415 non
533 3357 649 3433 poterit
661 3351 687 3435 ²)
711 3375 777 3417 non
800 3357 966 3434 proximas
997 3365 1070 3435 post
1094 3354 1290 3416 Bohuslaum
1321 3355 1439 3436 gratias
1471 3353 1595 3415 habere
1618 3366 1649 3416 et

187 3453 261 3513 mihi
289 3455 461 3531 publicanti
485 3469 516 3519 et
540 3459 595 3519 tibi
619 3459 771 3521 reddenti.
800 3457 971 3521 Caeterum
994 3462 1019 3520 si
1042 3459 1119 3538 quid
1149 3458 1360 3541 negligentius
1383 3458 1532 3519 minusve
1555 3461 1650 3520 casti·

186 3567 259 3637 gate
290 3560 440 3636 scriptum
472 3560 650 3636 offenderis,
682 3562 816 3636 librario,
847 3583 912 3626 non
940 3565 1042 3624 autori
1074 3562 1165 3624 velim
1198 3560 1369 3624 adscribas.
1394 3560 1516 3623 Addidi
1550 3564 1648 3623 etiam

186 3658 317 3721 alteram
341 3664 409 3723 eius
432 3664 565 3746 elegiam
592 3687 657 3728 non
673 3668 877 3730 iniucundam
900 3667 1021 3729 desua
1045 3668 1313 3748 peregrinatione:
1337 3684 1419 3746 quas
1442 3677 1600 3745 utrasque
1623 3670 1649 3728 si

186 3776 286 3844 grato,
310 3777 344 3827 ut
371 3786 436 3828 non
459 3769 581 3844 dubim,
605 3773 712 3832 animo
739 3773 924 3851 susceperis,
949 3770 1065 3833 reddes
1092 3788 1144 3832 me
1170 3771 1212 3832 ad
1239 3768 1299 3831 alia
1330 3789 1464 3850 quoque
1487 3771 1650 3832 mittenda

188 3867 311 3946 absque
341 3870 442 3932 dubio
473 3873 667 3936 alacriorem.
698 3874 780 3937 Vale
811 3875 947 3949 feliciter,
977 3889 1009 3937 et
1039 3873 1192 3939 Stumum
1223 3885 1324 3948 tuum,
1354 3885 1389 3937 ut
1419 3873 1516 3946 soles,
1541 3873 1649 3958 dilige.

188 3969 292 4033 Datae
318 3973 507 4037 Hasistenae
534 3978 624 4050 1508,
648 3980 697 4043 215.
722 3979 917 4041 Decembris.

275 4160 365 4212 Tento
388 4180 405 4213 a
429 4164 591 4231 nasleriujici
616 4165 660 4218 list
680 4167 808 4227 Sturndv,
826 4166 907 4233 jakoi
931 4167 984 4219 oba
1010 4165 1154 4232 nachazeji
1178 4183 1208 4218 se
1235 4183 1270 4218 na
1294 4165 1377 4219 konci
1397 4165 1533 4233 Mitisovy
1553 4166 1653 4235 sblrky

187 4243 266 4296 basnl
286 4247 517 4318 Bohuslavovych
538 4253 675 4319 »Farrago
694 4256 878 4320 poematum«,
898 4252 997 4320 majice
1021 4252 1096 4306 totei
1114 4253 1218 4315 datum,
1237 4255 1342 4321 vyhaty
1358 4250 1422 4319 jsou
1441 4268 1456 4305 z
1476 4253 1585 4319 vydanl
1605 4254 1653 4306 del

188 4329 421 4401 Bohuslavovy'ch
446 4335 496 4388 bez
521 4338 604 4390 odini
630 4340 719 4401 mista,
738 4340 805 4393 roku
830 4357 846 4392 a
870 4341 992 4408 tiskarny
1017 4339 1193 4408 postrenmo,
1215 4337 1298 4405 jehoi
1322 4337 1384 4391 titul
1410 4338 1491 4405 podle
1518 4339 1654 4392 Erharda

187 4416 300 4481 (Gesch.
313 4419 362 4472 des
376 4420 658 4477 Wiederaulbliihens
677 4426 888 4479 wissenschaltl.
908 4426 1028 4493 Bildung
1046 4426 1089 4478 ΙΙΙ.
1102 4443 1142 4477 su.
1161 4432 1208 4477 str.
1221 4424 1283 4491 ⁸224)
1301 4441 1318 4476 a
1331 4423 1434 4477 Veitha
1453 4422 1653 4490 (Bibliotheca

187 4501 357 4568 Augustana,
377 4507 562 4575 Alphabetum
576 4511 598 4563 II
618 4529 653 4564 na
666 4521 712 4564 str.
729 4512 770 4578 16)
788 4513 833 4564 zni
851 4513 942 4565 takto:
962 4513 1103 4580 Opuscula
1123 4511 1254 4564 Bohuslai
1275 4511 1372 4563 noemi
1392 4510 1506 4563 baronis
1527 4512 1565 4564 de
1580 4513 1653 4565 Has·

187 4596 319 4658 senstayn
339 4610 408 4659 quae
428 4596 480 4648 hoc
500 4597 640 4650 volumine
659 4600 844 4652 continentur.
864 4599 905 4651 Ad
919 4599 1101 4652 wladislaum
1121 4597 1282 4650 Pannoniae
1302 4604 1329 4650 et
1345 4597 1481 4649 Boiimiae
1499 4613 1602 4664 regem
1624 4598 1653 4652 in

187 4673 281 4729 sunere
301 4680 398 4732 Annae
423 4682 535 4747 reginae
559 4685 687 4748 coniugis
711 4686 800 4751 elegia
825 4687 1019 4739 consolatoria.
1050 4685 1147 4751 Elegia
1169 4685 1204 4738 ad
1228 4685 1291 4736 XIV
1317 4690 1439 4745 sanctos,
1465 4701 1540 4751 quos
1565 4687 1654 4753 vulgo

187 4763 361 4817 auxiliatores
380 4777 489 4825 vocant.
509 4770 542 4822 de
562 4772 782 4838 peregrinatione
807 4791 856 4826 sua
880 4773 983 4840 gratias
1007 4789 1102 4839 agens.
1130 4771 1171 4825 Ad
1190 4773 1326 4841 Joannem
1349 4771 1483 4823 Stumum
1504 4771 1655 4826 Francum

187 4848 221 4900 de
241 4850 408 4904 Smalcaldia
427 4855 460 4906 de
479 4856 595 4909 avaritia
614 4858 729 4912 libellus.
758 4860 888 4912 Summos
907 4859 1073 4912 christianos
1098 4857 1236 4926 principes
1255 4865 1352 4910 contra
1370 4857 1500 4909 Thurcas
1521 4860 1656 4912 excitans

186 4934 404 4990 adhortatorium
424 4957 545 4994 carmen.
573 4943 714 4996 Neanitme
733 4953 792 4998 toto
812 4964 828 4999 u
848 4947 898 4997 nas
917 4945 1027 5012 vydanl,
1044 4945 1125 5012 jehoi
1143 4944 1225 5011 jeden
1245 4943 1337 5011 vy'tisk
1355 4942 1493 4996 nachdzel
1513 4961 1547 4996 se
1568 4947 1656 5014 podle

185 5020 308 5074 Erharda
326 5040 343 5073 v
356 5024 523 5080 bibliothece
542 5028 690 5093 Erfurtske,
709 5031 797 5098 druhy'
816 5032 896 5099 podle
916 5031 1017 5084 Veitha
1035 5049 1052 5082 v
1069 5032 1208 5083 knihovne
1227 5029 1365 5099 byvaleho
1384 5029 1510 5083 ldastera
1528 5030 1654 5100 jezovit·

279 5194 295 5260 ¹)
314 5195 389 5249 Mitis
408 5198 453 5249 ma
472 5217 534 5266 quo.

276 5280 296 5346 ²)
315 5281 390 5335 Mitis
409 5285 454 5337 ma
472 5286 583 5354 poteris.
