3660 5850
185 374 234 426 llll
864 375 955 433 1496.

184 582 296 636 sbornlk
314 583 382 652 sviij,
401 586 548 654 venovany'
567 588 632 640 rade
652 586 770 640 Stardho
794 588 885 638 mesta
903 583 1060 638 Praisktho
1078 600 1099 636 r.
1121 581 1194 646 1613,
1214 581 1286 635 mezi
1308 581 1365 650 jine
1391 580 1526 634 obsahem
1546 598 1563 634 a
1581 587 1641 633 ten·

184 671 266 723 denci
284 670 416 738 piibuznd
436 671 511 740 spisy
530 672 611 741 pojal.
631 673 669 726 Ze
688 673 818 727 sbornila
835 672 904 726 toho
923 672 1004 740 vydal
1020 669 1057 739 jej
1076 687 1097 723 r.
1118 669 1185 721 1818
1201 670 1225 738 J.
1244 668 1462 723 Zimmermann.
1480 652 1518 722 Ze
1536 667 1592 736 jest
1610 676 1641 721 to

184 757 303 825 pleklad,
326 776 343 810 0
366 768 424 811 tom
450 760 545 812 svedct
569 760 649 813 deine
674 760 816 828 latinismy
834 758 1014 826 nejhrubstho
1039 774 1113 819 zma‚
1134 755 1211 824 jimii
1237 755 1365 809 obdobne
1390 754 1511 825 oplyvajl
1536 755 1641 808 ostatni

183 845 314 912 pieklady
332 831 480 913 lieholovy
499 863 516 897 v
534 846 662 914 rulropise
682 847 834 909 obsaiene;
860 845 867 898 i
884 845 948 914 jsou
967 844 1126 912 domnenky
1146 842 1334 896 Vinaiickeho
1352 827 1425 910 (Cas.
1444 841 1515 895 Mus.
1536 841 1604 894 1831
1623 860 1641 895 a

183 949 201 984 v
221 931 330 984 Narode
349 932 419 984 1864
436 933 485 985 dis.
507 933 566 1002 111)
591 950 607 985 3
632 935 785 1002 Hanuiovy
804 935 831 1000 (v
850 934 942 986 Kroku
963 931 1048 999 1881),
1071 930 1117 984 3111
1138 929 1176 999 jej
1196 931 1281 998 ieslry
1302 928 1422 998 pritttajt
1440 928 1641 991 Bohuslavovi,

184 1019 377 1087 nepodstatne,
393 1018 439 1087 jak
458 1022 539 1073 uznal
555 1021 591 1088 jii
609 1022 632 1090 J.
644 1021 752 1089 Jirecelr
772 1037 788 1071 v
803 1019 948 1073 Rukoveti.
968 1020 1014 1086 My
1033 1017 1187 1087 podrivdme
1205 1017 1252 1071 list
1269 1024 1317 1069 ten
1335 1014 1537 1084 diplomaticlry
1555 1019 1642 1068 verne

183 1107 264 1174 podle
283 1106 413 1174 rukopisu
426 1108 681 1172 Klementinskeho,
694 1107 839 1175 otiskujlce
858 1108 911 1175 pod
931 1107 1016 1160 13103
1035 1104 1200 1171 marginalnl
1219 1103 1384 1173 pozndmlry,
1399 1102 1444 1171 jei
1464 1102 1642 1171 knelrtery'm

186 1193 298 1246 mlstllm
317 1193 427 1262 plicinil
444 1194 600 1248 rubrilrator
616 1194 730 1263 (nejspli
748 1194 917 1263 pieldadatel
934 1210 951 1246 3
969 1192 1043 1263 plsai
1061 1192 1140 1258 sdm),
1158 1210 1176 1245 a
1193 1189 1355 1261 piidiiiujlce
1373 1189 1437 1244 taire
1456 1190 1510 1244 dvi
1529 1189 1588 1243 sve.

887 1477 939 1541 65.

502 1615 722 1688 Bernhard
750 1615 990 1689 Adelmann
1019 1611 1324 1688 Bohuslavovi.

271 1783 457 1841 litotettltu
477 1785 542 1841 1498
557 1817 588 1824 -
602 1788 646 1842 22,
666 1802 738 1858 pros.
758 1787 897 1841 Omlouvd
915 1784 1073 1855 3311011011
1092 1785 1146 1853 kdy
1166 1783 1264 1852 nejake
1283 1782 1370 1851 lmihy
1388 1781 1460 1851 proti
1479 1781 1539 1834 villi
1551 1782 1640 1835 Bohu-

185 1871 307 1933 slavovi,
326 1888 343 1924 a
361 1872 432 1924 davt
450 1871 517 1925 vinu
532 1872 618 1941 jemu.
646 1874 720 1927 Knih
740 1891 774 1927 co
793 1875 868 1927 mohl
888 1868 1501 1942 0311030111,003114001111111113101101311.
1530 1867 1587 1921 1161
1605 1867 1640 1936 by

183 1959 233 2026 pry'
252 1958 314 2010 take
335 1958 523 2013 Bohuslavovi
543 1961 667 2014 lonetnt
692 1961 800 2014 dostalo
819 1978 849 2014 se
868 1961 951 2014 mista
972 1958 1147 2027 ddstojneho,
1162 1957 1226 2027 13116
1245 1956 1357 2010 obdriel
1376 1955 1484 2025 pisatel.
1509 1956 1640 2023 (Farrago

183 2060 220 2096 na
238 2043 321 2096 konci
340 2061 372 2098 za
391 2046 548 2114 katalogem
566 2047 739 2116 bibliothelry
757 2047 971 2113 Hasiiteinslre.)

273 2220 474 2284 Bernhardus
497 2220 719 2286 Adelmannus
741 2224 779 2285 D.
805 2223 967 2286 Bohuslao
992 2224 1176 2285 Hasistenio
1199 2242 1222 2284 s.
1246 2222 1276 2284 d.
1300 2221 1426 2295 Fateor,
1456 2222 1641 2282 suavissime

185 2328 371 2400 amicorum,
395 2336 427 2387 te
450 2326 556 2405 plures
578 2327 730 2390 librorum
754 2328 874 2390 indices
897 2328 939 2390 ad
961 2347 1013 2388 me
1037 2329 1176 2389 misisse:
1203 2346 1313 2388 verum
1337 2345 1388 2386 me
1411 2324 1522 2404 plures
1544 2336 1641 2404 atque

184 2430 253 2504 hos,
273 2449 360 2510 quos
382 2429 556 2510 aliquando
581 2434 773 2511 requirebas,
797 2434 855 2494 tibi
878 2451 1083 2511 comparasse
1107 2443 1139 2493 et
1154 2441 1189 2494 tu
1212 2430 1330 2493 fateare
1344 2449 1476 2492 necesse
1491 2437 1553 2492 est.
1576 2426 1640 2489 Sed

184 2554 258 2595 cum
281 2534 325 2595 nil
348 2534 434 2596 aliud
457 2535 532 2596 mihi
556 2536 759 2616 responderis
782 2537 999 2617 superioribus
1022 2535 1118 2598 literis
1134 2537 1221 2609 meis,
1244 2553 1342 2615 quam
1359 2552 1411 2594 me
1426 2553 1469 2594 ex
1484 2532 1641 2594 indicibus

183 2650 244 2700 turs
266 2638 357 2701 facile
380 2659 576 2722 cognoscere
598 2660 702 2720 posse,
726 2659 809 2720 quos
833 2641 985 2719 imprimis
1008 2640 1106 2702 libros
1129 2641 1287 2720 requiras:
1309 2640 1335 2700 si
1358 2636 1435 2718 quid
1451 2638 1483 2698 in
1500 2636 1640 2698 futurum

183 2744 214 2803 in
237 2762 270 2802 re
292 2744 426 2805 literaria
448 2729 574 2824 praeter
595 2744 793 2806 voluntatem
816 2744 1075 2823 desideriumque
1100 2756 1192 2806 tuum
1224 2762 1329 2826 egero,
1358 2755 1392 2805 tu
1420 2761 1462 2803 an
1489 2761 1553 2824 ego
1575 2743 1641 2803 iure

184 2839 363 2926 culpandus
385 2849 453 2922 sim,
477 2858 534 2910 tuo
558 2848 702 2928 relinquo
726 2848 850 2910 iudicio.
877 2847 943 2910 Sed
966 2868 1007 2910 ne
1031 2858 1062 2910 te
1084 2848 1264 2909 iamelicum
1287 2855 1359 2909 aere
1381 2865 1524 2926 pascam,
1547 2856 1641 2926 quot-

184 2961 265 3030 quot
281 2950 433 3012 librorum
456 2950 575 3014 habere
598 2955 688 3032 potui
711 2953 741 3013 in
765 2954 952 3032 praesentia,
975 2953 1032 3014 tibi
1055 2954 1134 3014 misi.
1158 2951 1256 3031 Quod
1279 2953 1305 3013 si
1326 2951 1432 3029 pluris
1455 2970 1556 3030 quam
1580 2968 1641 3030 ego

182 3055 361 3133 sperabam,
393 3068 537 3130 veneunt,
568 3057 777 3118 insatiabilem
801 3057 884 3118 sitim
907 3069 996 3118 tuam
1019 3068 1051 3119 et
1074 3075 1184 3117 morae
1207 3055 1435 3136 impatientiam
1464 3046 1641 3134 meumque

183 3157 324 3219 studium
348 3159 405 3220 tibi
428 3160 627 3240 obsequendi
650 3161 788 3239 culpato,
812 3158 1013 3222 Alehoranus
1028 3160 1119 3222 deest
1142 3159 1251 3234 mod0,
1275 3170 1309 3222 ut
1332 3177 1434 3238 nuper
1448 3159 1506 3220 tibi
1522 3159 1642 3237 scripsi.

183 3260 297 3324 Basilia
312 3264 398 3324 enim
413 3264 534 3327 401100
549 3283 703 3342 passuum
719 3284 738 3325 a
753 3265 855 3338 nobis,
873 3267 926 3326 ubi
946 3265 1089 3339 habetur,
1106 3264 1218 3331 distat:
1239 3283 1299 3325 nec
1319 3263 1525 3344 exploratum
1546 3264 1642 3324 etiam

184 3366 300 3440 habeo,
323 3367 349 3427 si
371 3369 439 3429 eius
462 3367 539 3429 mihi
561 3369 653 3449 copia
677 3369 812 3430 dabitur.
845 3369 967 3430 Verum
991 3371 1016 3430 si
1040 3380 1129 3431 tanto
1153 3366 1313 3430 desiderio
1335 3367 1404 3430 salsi
1426 3379 1528 3446 atque
1550 3365 1644 3427 alieni

184 3470 362 3550 prophetae
384 3473 539 3533 vanitates
562 3475 640 3534 scire
664 3470 712 3555 (ut
735 3470 856 3554 scribis)
873 3475 970 3554 cupis
994 3484 1116 3553 quanto
1129 3482 1161 3533 te
1177 3470 1388 3533 veridicorum
1403 3480 1504 3549 atque
1519 3481 1645 3532 nostra-

184 3575 263 3636 tium
286 3573 391 3635 divina
414 3577 567 3651 mysteria
595 3595 791 3658 cognoscere
820 3588 974 3657 optarem,
1005 3577 1135 3651 curabo,
1158 3587 1194 3638 ut
1223 3575 1284 3637 hac
1311 3577 1343 3636 in
1372 3594 1406 3635 re
1428 3574 1485 3636 tibi
1510 3592 1646 3655 quoque

185 3695 318 3756 operam
342 3697 447 3739 meam
471 3697 596 3740 navem.
620 3678 683 3758 Qui
706 3679 801 3741 libelli
824 3682 939 3741 lamosi
955 3679 1042 3758 apud
1058 3698 1116 3742 vos
1132 3690 1329 3762 spargantur,
1352 3681 1482 3761 ignoro:
1506 3678 1647 3740 arbitror

186 3791 293 3842 tamen
317 3782 392 3843 nihil
414 3781 547 3864 dignum
571 3784 665 3845 laude
689 3784 730 3846 de
754 3784 802 3845 his
825 3784 885 3846 dici
909 3804 1015 3864 posse,
1038 3785 1092 3864 qui
1112 3785 1253 3846 tunicam
1268 3781 1400 3844 Domini
1416 3781 1646 3863 inconsutilem

185 3886 330 3966 quotidie
352 3886 496 3947 scindere
520 3887 658 3949 student.
683 3887 763 3969 Ego,
786 3899 821 3949 ut
845 3889 990 3960 scribam,
1014 3886 1104 3968 quod
1127 3888 1239 3960 sentio,
1262 3888 1308 3948 tui
1329 3887 1548 3966 praesentiam
1579 3888 1648 3949 istis

185 3990 311 4052 invideo
342 3990 484 4071 mihique
514 3990 655 4052 ablatam
685 4011 755 4053 esse
778 3994 963 4072 saepissime
985 4009 1183 4070 conqueror,
1210 3989 1328 4071 quodsi
1350 4009 1413 4073 ego
1435 3990 1487 4052 hic
1509 3989 1648 4073 dignum

185 4113 238 4155 me
260 4091 308 4178 (ut
330 4090 454 4176 scribis)
478 4094 586 4156 locum
610 4107 775 4157 assecutus
798 4116 878 4171 sum,
902 4098 1024 4158 utinam
1047 4107 1077 4157 et
1100 4095 1158 4158 tibi
1180 4093 1355 4175 aliquando
1371 4095 1546 4175 contingat.
1571 4094 1650 4156 Hoc

185 4208 220 4260 ut
243 4201 431 4279 assequaris,
458 4211 490 4261 et
512 4199 684 4261 voluntatis
706 4211 782 4261 tuae
812 4210 908 4280 atque
932 4200 1057 4261 divinae
1079 4201 1151 4278 opis
1174 4201 1231 4261 erit
1253 4209 1285 4260 et
1307 4199 1443 4282 gratiae:
1473 4200 1539 4260 mei
1570 4218 1649 4261 vero

185 4302 287 4376 officii,
311 4302 366 4364 ubi
390 4321 472 4383 opus
495 4305 561 4377 erit,
585 4303 721 4384 obsequi
744 4323 790 4377 ac,
813 4315 847 4366 ut
871 4290 945 4365 vota
969 4313 1077 4365 nostra
1099 4321 1194 4365 suum
1209 4301 1382 4383 aliquando
1398 4301 1553 4365 effectum
1569 4322 1650 4364 con·

184 4417 367 4487 sequantur,
390 4408 630 4487 qualescunque
653 4426 763 4488 preces
786 4407 959 4470 effundere.
984 4407 1067 4469 Vale
1081 4426 1119 4468 ac
1141 4425 1193 4468 me
1216 4425 1297 4468 ama.
1320 4405 1422 4469 Eistat
1437 4405 1490 4470 22.
1506 4405 1649 4469 Decem·

186 4512 249 4573 bris
272 4530 359 4572 anno
382 4512 491 4572 salutis
517 4511 608 4576 1498.

273 4681 366 4734 Koran
388 4682 440 4734 zde
465 4682 595 4750 dotdeny,
614 4681 692 4751 ktery
711 4700 729 4733 v
747 4681 859 4750 Basileji
882 4684 933 4752 pry
951 4682 998 4751 byl
1021 4699 1057 4735 na
1081 4680 1184 4751 prodej,
1203 4680 1250 4750 byl
1273 4678 1371 4748 zajiste
1395 4679 1499 4750 nejaky
1522 4680 1648 4751 rulropis,

185 4767 328 4835 ponevadi
346 4768 447 4820 tiskem
467 4769 544 4837 vyiel
563 4775 641 4837 teprv
659 4787 679 4822 r.
700 4769 768 4821 1543
786 4788 803 4821 ν
819 4769 930 4838 Basileji
950 4787 968 4823 u
987 4769 1118 4838 Oporina.
1137 4766 1305 4836 Ddstojnym
1324 4769 1445 4832 mititem,
1461 4766 1548 4835 jehoi
1568 4769 1647 4822 doiel

185 4853 292 4923 pisatel,
317 4854 430 4907 minino
455 4854 611 4923 proboistvl
637 4873 653 4908 u
678 4874 717 4909 av.
743 4857 881 4926 Gertrudy
906 4874 924 4909 v
947 4856 1122 4924 Augsburgu,
1147 4855 1222 4908 litere
1247 4856 1355 4909 dostalo
1380 4871 1411 4908 se
1435 4854 1647 4909 Adelmannovi

185 4957 206 4993 r.
220 4939 296 5004 1498,
310 4939 380 5008 kdyi
396 4940 442 5010 byl
458 4940 494 5008 jn
508 4942 584 4995 diive
597 4942 689 4996 1311110
708 4943 790 5012 by'val
810 4943 996 4996 kanovnlkem
1012 4944 1114 5009 (srovn.
1127 4942 1221 5005 Veith,
1234 4941 1410 4995 Bibliotheca
1422 4942 1593 5010 Augustam
1606 4943 1648 5009 111

186 5027 270 5079 Proto
289 5028 418 5079 nemdme
436 5028 507 5096 proti
526 5029 593 5081 datu
611 5028 743 5082 Mitisovu
762 5032 912 5100 neddvery,
931 5030 1023 5084 aikoli
1042 5029 1154 5082 00111016
1180 5027 1300 5098 11311111)1
1318 5046 1335 5079 v
1354 5027 1419 5082 lietu
1437 5027 1512 5096 zdajt
1530 5045 1564 5082 se
1584 5030 1648 5082 ulra·

185 5113 277 5165 zovati
296 5112 429 5180 kjinemu
447 5115 569 5167 vrodenl.
588 5115 655 5183 Jalre
675 5124 703 5168 to
722 5115 902 5184 byly»1ibe11i
921 5116 1047 5179 famosi«,
1066 5133 1083 5168 0
1102 5114 1185 5169 1110111
1201 5116 1342 5170 Bohuslav
1354 5115 1564 5169 Adelmannovi
1578 5118 1648 5185 psal¹

186 5198 217 5251 ie
236 5199 345 5252 tenkrat
366 5217 383 5251 v
395 5186 525 5254 Cechitch
544 5201 731 5271 roziiiovdny,
750 5204 860 5256 nevlme
879 5203 975 5265 011111,
994 5204 1037 5256 310
1056 5202 1210 5258 domnlvati
1229 5219 1260 5256 30
1279 5202 1388 5266 amime,
1403 5201 1435 5255 10
1453 5209 1485 5255 to
1502 5200 1572 5272 byly
1590 5220 1650 5256 roz·

186 5286 259 5340 liene
278 5286 433 5356 polemickd
452 5288 572 5358 traktity
592 5289 682 5343 Bratil
702 5278 830 5360 Cesky'ch
849 5309 866 5344 3
884 5292 1007 5360 odpbrcd
1023 5289 1118 5363 jejich·
