3660 5850
778 385 869 450 1492.
1516 394 1550 442 stt

100 601 213 655 Gabriel
237 599 292 668 jest
311 599 423 654 Gabriel
447 617 502 653 von
521 601 591 669 liyh,
614 601 761 664 kanovnik,
787 600 864 668 krery
889 618 908 652 r.
932 601 996 651 tlon
1021 601 1163 668 biskupem
1190 602 1414 670 liiclrstiidtslq'm
1441 621 1470 653 se
1490 604 1551 654 stal.

100 688 275 742 Adelmanntl
299 687 345 757 byl
367 705 403 756 po
423 696 513 740 matce
538 686 673 755 pribuzny
697 687 761 755 (Sax
780 689 796 740 l.
816 690 860 751 c.).
892 688 935 738 Do
959 688 1062 739 mesice
1088 688 1224 755 listopadu
1251 689 1376 741 klademe
1401 696 1478 740 tento
1498 689 1551 749 list,

101 775 244 844 ponevadi
262 774 401 829 kanovnllr
421 773 532 828 Gabriel
552 774 598 843 byl
617 775 737 827 oznamil
756 773 952 836 Bohuslavovi‚
972 773 1002 825 ie
1022 774 1164 827 Bernhard
1183 775 1264 826 okolo
1283 793 1323 827 su.
1338 777 1456 827 llartina
1469 777 1552 828 domu

102 881 131 916 se
151 863 230 916 vratl.

805 1093 853 1155 36.

429 1228 648 1304 Bohuslav
676 1228 943 1303 Viktorinovi
971 1252 1019 1302 ze
1047 1229 1227 1304 Vsehrd.

192 1404 295 1470 (1492.)
325 1401 487 1470 Oznamuje‚
507 1402 538 1455 ie
557 1403 647 1455 dostal
665 1402 827 1471 plelaskavy'
847 1402 892 1455 list
916 1403 950 1454 orl
969 1419 1040 1470 pana
1065 1402 1177 1455 Ctibora
1196 1419 1211 1455 z
1230 1402 1386 1462 eimburla
1406 1402 1439 1455 od
1460 1399 1555 1468 zajiste

105 1492 153 1559 prpl
173 1488 283 1559 prieinil
302 1507 332 1542 se
352 1488 490 1542 Viktorin.
509 1473 592 1553 ladit,
611 1490 665 1558 aby
684 1489 844 1558 plilofenou
864 1489 1005 1542 Ctiborovi
1025 1489 1154 1557 odpoved
1171 1489 1212 1557 pli
1231 1489 1356 1556 nejblilsl
1376 1489 1486 1541 vhodne
1507 1488 1556 1555 pli-

105 1577 223 1630 leiitosti
242 1578 329 1645 poslal
348 1594 385 1630 na
403 1578 525 1630 Moravu.
545 1578 635 1644 (Nova
654 1578 732 1645 epist.
752 1595 813 1646 app.
832 1577 879 1640 ul,
900 1577 1050 1644 Vinalicky*
1071 1575 1121 1642 13.)

193 1754 236 1816 ll.
260 1754 429 1816 Victorino
453 1752 601 1816 Cornelio
625 1754 665 1814 de
682 1753 839 1815 leselrrd
862 1773 886 1814 s.
910 1753 940 1814 d.
978 1753 1016 1814 D.
1040 1753 1207 1827 Stiborius,
1231 1772 1327 1833 quem
1344 1755 1451 1813 nescio
1469 1770 1557 1830 prae·

105 1859 248 1920 sidemne
271 1879 313 1920 an
328 1869 507 1938 praetorem
532 1857 691 1936 appellare
708 1861 876 1920 conveniat
899 1855 1097 1940 (capitaneus
1120 1861 1205 1919 enim
1229 1860 1360 1918 omnino
1385 1856 1557 1917 barbarum

106 1963 176 2045 est),
200 1962 416 2041 perhumanas
439 1965 620 2041 nuperrime
650 1974 747 2043 atque
778 1963 990 2043 perbenignas
1020 1963 1062 2023 ad
1094 1982 1146 2023 me
1169 1963 1274 2024 literas
1302 1960 1399 2023 dedit.
1438 1960 1473 2020 ld
1496 1978 1558 2040 ego

107 2079 211 2128 totum
234 2067 292 2128 abs
316 2078 346 2129 te
371 2087 518 2128 manasse
542 2069 606 2129 scio
632 2069 858 2146 potiusquam
891 2069 1043 2146 suspicor.
1084 2066 1193 2146 ltaque
1216 2069 1264 2147 egi
1298 2067 1417 2129 bomini
1446 2069 1558 2143 verbis,

107 2172 224 2250 quibus
254 2174 352 2251 potui,
383 2173 516 2254 gratias:
550 2171 657 2232 addidi
688 2183 797 2232 tamen
826 2190 891 2231 non
922 2183 1071 2249 oportere
1103 2170 1268 2231 Victorino
1299 2171 1487 2232 Wssehrdio
1519 2172 1560 2232 de

109 2275 272 2337 Bolruslao
303 2276 446 2337 referenti
476 2295 603 2355 semper
626 2275 720 2348 credi,
752 2278 840 2336 cuius
864 2275 1084 2336 benevolentia
1116 2287 1212 2353 alque
1236 2294 1346 2336 amore
1369 2288 1561 2337 excoecatus

109 2399 149 2440 ea
172 2380 347 2461 plerunque
371 2382 402 2441 in
425 2379 536 2459 vulgus
559 2382 685 2462 spargit,
709 2399 792 2458 quae
815 2377 994 2440 Bohuslnus
1017 2380 1146 2440 minime
1169 2391 1329 2457 praestare
1353 2392 1467 2458 potest.
1493 2380 1561 2440 llas

109 2485 216 2544 literas
239 2483 280 2545 ad
311 2496 343 2545 te
366 2487 467 2559 mitto,
498 2497 529 2547 et
561 2504 649 2566 rogo,
681 2496 715 2546 ut
746 2485 984 2563 quamprimum
1015 2486 1200 2562 quempiam
1232 2497 1344 2545 nactus
1375 2484 1476 2557 fueris,
1508 2487 1561 2563 qui

111 2586 289 2649 lloraviam
311 2608 421 2649 versus
444 2589 670 2668 proficiscatur,
695 2606 749 2650 eas
772 2587 813 2648 ad
838 2586 876 2649 D.
901 2587 1075 2649 Stiborium
1098 2588 1224 2666 perferri
1249 2607 1346 2648 cures.

199 2776 290 2829 Tento
308 2793 325 2829 a
343 2775 506 2843 ndsledujici
534 2775 580 2829 list
604 2776 729 2828 klademe
754 2775 824 2842 jeste
845 2792 880 2827 na
903 2791 922 2828 r.
948 2774 1022 2836 furt,
1051 2775 1192 2843 pondvadi
1222 2793 1256 2828 na
1284 2778 1382 2844 prittah
1410 2776 1563 2830 zaleiitosti

114 2864 286 2916 Olomouclre
306 2863 388 2916 nikde
407 2881 437 2916 se
456 2863 552 2916 vnich
571 2862 710 2915 nenarftii.

818 3164 868 3226 37.

533 3300 754 3375 Bohuslav
778 3301 931 3394 Janovi
959 3325 982 3372 z
1007 3301 1146 3396 Pibry.

205 3491 305 3556 (1492.)
338 3490 450 3542 Odmltt
478 3490 611 3558 plilisnou
637 3492 746 3552 clivam,
770 3490 807 3558 jii
826 3509 856 3543 se
884 3508 930 3542 mu
949 3491 984 3542 od
1004 3489 1147 3542 Viktorina
1175 3507 1206 3541 ze
1227 3489 1333 3554 Vselrrd
1353 3506 1369 3538 v
1389 3487 1452 3539 listu
1472 3488 1569 3540 tohoto

118 3578 134 3628 k
154 3593 227 3644 panu
246 3576 387 3629 Ctiborovi
407 3576 584 3630 zCimburka
602 3578 718 3631 dostalo.
737 3578 826 3644 (Nova
846 3577 924 3645 epist.
943 3595 1004 3645 app.
1026 3575 1060 3641 i.)

204 3753 318 3834 Joanni
343 3753 457 3815 Pibreo
481 3774 504 3814 s.
528 3774 557 3833 p.
581 3754 610 3814 d.
650 3753 762 3816 Misisti
785 3754 827 3815 ad
853 3773 903 3814 me
934 3753 1110 3832 epistolam,
1143 3772 1241 3832 quam
1266 3752 1449 3814 Victorinus
1482 3772 1573 3814 meus

122 3858 164 3919 ad
188 3857 227 3919 D.
251 3856 425 3920 Stiborium
457 3858 704 3920 Towacoweum
735 3860 866 3937 scripsit.
906 3858 999 3919 llanc
1030 3877 1092 3941 ego
1124 3857 1194 3939 legi,
1224 3858 1267 3918 ita
1297 3868 1414 3930 tamen,
1446 3868 1480 3918 ut
1511 3859 1573 3917 mei

120 3964 219 4040 ipsius
242 3964 370 4024 minime
394 3963 601 4025 obliviscerer.
640 3963 836 4044 Quanquam
860 3963 1060 4024 Victorinum
1085 3963 1194 4024 omnia
1216 3961 1295 4022 haec
1319 3962 1444 4040 optimo
1468 3979 1576 4022 aman-

121 4069 310 4147 tissimoque
342 4086 416 4149 erga
448 4086 500 4128 me
523 4071 632 4129 animo
662 4069 824 4146 scripsisse
854 4078 941 4129 certo
972 4070 1055 4141 scio;
1089 4086 1197 4128 meum
1222 4077 1329 4128 tamen
1361 4084 1425 4126 non
1450 4077 1576 4127 estant

121 4170 271 4233 laudibus
294 4169 409 4232 elevari
431 4183 487 4232 aut
510 4172 712 4234 contumeliis
736 4171 837 4252 frangi
860 4183 916 4233 aut
931 4173 1081 4252 cuiquam
1104 4171 1243 4250 denique
1261 4172 1362 4251 magis
1385 4188 1482 4249 quam
1500 4169 1574 4230 mibi

122 4278 179 4354 ipsi
204 4275 245 4336 de
268 4294 320 4335 me
343 4275 488 4336 credere:
516 4279 591 4355 quin
615 4279 709 4337 etiam
734 4295 853 4349 vereor,
877 4295 918 4336 ne
942 4278 1104 4345 maiorem,
1136 4294 1233 4354 quam
1257 4273 1358 4347 velim,
1383 4274 1423 4334 de
1447 4293 1498 4334 me
1521 4294 1577 4333 ex-

123 4381 338 4457 pectationem
354 4382 565 4452 concitaverit,
581 4381 631 4440 cui
647 4383 672 4440 si
685 4399 746 4461 ego
759 4382 865 4441 minus
880 4379 1070 4452 satisfecero,
1094 4377 1240 4440 ridiculus
1257 4397 1429 4456 appaream
1447 4397 1576 4438 necesse

123 4496 180 4545 est.
204 4483 425 4562 Quamobrem
450 4485 533 4545 bene
556 4483 741 4546 Victorinus
772 4503 864 4544 meus
887 4483 988 4556 faciet,
1019 4484 1043 4543 si
1067 4485 1156 4544 utin
1187 4485 1276 4543 omni
1299 4483 1419 4562 reliqua
1450 4485 1512 4543 vita
1535 4484 1577 4543 ira

124 4590 156 4648 in
180 4590 259 4648 meis
282 4606 414 4667 quoque
437 4587 586 4649 laudibus
609 4586 761 4665 deinceps
785 4587 954 4649 modestus
977 4589 1043 4648 erit.
1068 4587 1159 4648 Vale.

211 4792 235 4845 Ο
255 4791 368 4844 vrolleni
387 4791 430 4844 viz
448 4792 604 4859 poznamlru
623 4790 716 4844 klistu
736 4792 917 4859 pledeslemu.
936 4791 1051 4860 lakoito
1064 4792 1188 4844 adressat
1208 4791 1352 4858 vystupuje
1366 4809 1383 4841 v
1397 4791 1460 4843 listu
1479 4793 1576 4842 nasem

124 4880 227 4947 poprve
245 4880 295 4948 Jan
314 4878 434 4947 zPibry,
454 4879 479 4932 ei
499 4880 559 4947 le'pe
576 4878 697 4946 zBibry,
715 4879 824 4946 jelilroi,
841 4880 887 4946 jak
900 4897 916 4932 z
929 4880 1168 4947 korrespondence
1188 4879 1385 4947 Bohuslavovy
1405 4879 1522 4946 rychazi
1544 4895 1579 4930 na

122 4967 195 5034 jero,
216 4982 251 5017 on
270 4966 357 5017 lrteto
375 4967 448 5018 stare
468 4965 619 5018 slechticke
644 4965 740 5019 rodine
766 4967 878 5020 francke
906 4985 935 5019 se
961 4966 1049 5019 blasil.
1079 4967 1201 5019 'l‘enkrdt
1220 4967 1265 5034 byl
1285 4966 1384 5019 niisim
1411 4966 1573 5020 illednilrem

126 5053 286 5116 vdeskdch,
309 5069 330 5105 r.
351 5053 419 5105 1493
439 5053 476 5120 jii
504 5061 641 5105 starostou
670 5054 851 5107 komornieim
881 5060 983 5120 (srovn.
1006 5053 1151 5121 Jiredkovo
1176 5054 1239 5121 vyd.
1264 5053 1483 5121 Viktorinovpch
1509 5053 1575 5105 lmilr

124 5140 294 5208 devaterych
314 5156 328 5192 z
347 5157 367 5192 r.
383 5139 467 5206 1874).
486 5141 572 5192 Vedle
585 5142 654 5209 lana
673 5142 868 5193 zDomaslave
888 5140 934 5209 byl
954 5158 989 5192 on
1004 5141 1097 5193 hlavni
1116 5141 1250 5193 dilvernilr
1266 5142 1441 5194 llohuslavuv
1462 5142 1577 5193 zlrruhu

126 5226 291 5289 Praislreho¹
311 5227 319 5278 i
336 5226 390 5294 jest
408 5227 553 5294 vzlrjemny'
572 5231 668 5296 pomer
683 5228 755 5281 obou
771 5228 838 5296 jich‚
855 5228 901 5295 jak
914 5245 929 5280 z
942 5227 1064 5296 pozdejsi
1084 5229 1323 5296 liorrespondence
1340 5229 1476 5297 vysvitne‚
1496 5228 1579 5280 relmi

125 5314 262 5382 zahadnp'z
281 5314 409 5366 Comova
428 5315 473 5366 ma
492 5313 545 5366 oba
563 5331 596 5367 za
614 5315 678 5367 toul
697 5316 784 5368 osobu
804 5317 905 5384 (srovn.
925 5332 1007 5383 pozn.
1027 5315 1119 5367 klistu
1138 5315 1189 5381 31).
