3660 5850
874 367 965 427 1506.

886 581 959 645 196.

493 721 713 796 Bohuslav
743 719 983 818 Augustinu
1012 716 1362 793 Olomoucke'mu.

280 875 300 929 Ζ
321 874 476 932 ΗιεὶἑὶεΙηι
496 876 589 943 (1500)
609 905 641 915 -
661 878 697 932 tt.
714 889 806 948 srpntt.
835 875 927 928 Posila
952 873 997 926 list
1019 872 1130 926 bratrdv
1148 889 1165 925 a
1183 871 1265 940 prosi,
1284 870 1337 940 aby
1356 889 1390 924 ve
1408 888 1491 940 sporu
1510 889 1523 923 s
1541 871 1648 924 Kadaii·

193 961 285 1029 sky'mi
305 979 335 1014 se
352 961 409 1028 jich
429 961 502 1015 obou
521 962 589 1030 ujal;
609 963 691 1031 aaby
706 963 762 1016 kral
781 980 815 1015 ve
835 963 940 1031 smyslu
958 979 975 1013 v
989 960 1053 1014 listu
1072 959 1199 1013 bratrove
1219 959 1407 1012 naznacenem
1427 959 1436 1011 i
1454 958 1548 1011 bratru
1567 959 1574 1010 i
1594 960 1648 1011 me-

193 1052 305 1102 sunum
324 1048 428 1117 dopsal.
457 1051 481 1103 O
501 1050 557 1118 plat
575 1050 635 1117 svdj
655 1051 761 1103 nechce
781 1049 848 1103 krtli
867 1067 885 1100 v
904 1049 962 1102 teto
981 1046 1052 1101 debe
1072 1047 1216 1100 zarmutlru
1238 1045 1317 1115 psdti,
1336 1046 1379 1099 ale
1397 1046 1486 1115 mysll,
1505 1045 1649 1114 ponevadi

193 1154 211 1188 v
231 1137 354 1199 Uhrach,
373 1136 499 1189 narodi-li
519 1154 549 1189 se
569 1136 698 1198 kralovic,
719 1135 846 1204 podivajl
865 1136 960 1189 darem
981 1135 1085 1188 mnoho
1103 1134 1167 1187 tislc
1186 1135 1258 1196 volit,
1278 1133 1310 1186 ie
1328 1132 1365 1202 by
1384 1135 1471 1201 aspoll
1490 1133 1570 1186 timto
1588 1135 1650 1200 zpit-

193 1222 291 1277 sobem
312 1224 405 1277 mohlo
423 1222 482 1292 byri
502 1241 548 1277 mu
567 1223 726 1292 zaplaceno.
745 1222 803 1275 Tei
822 1240 838 1276 o
857 1222 1008 1275 Plutarcha
1027 1221 1096 1275 iada
1116 1224 1188 1291 opit
1206 1221 1286 1290 (Luc.
1306 1219 1374 1289 113.)

281 1382 423 1446 Domino
447 1382 629 1466 Augustino
653 1383 788 1445 Moravo
811 1381 1020 1446 Olomucensi
1044 1401 1068 1442 s.
1092 1380 1121 1443 d.
1151 1380 1237 1460 Quid
1261 1381 1319 1443 abs
1342 1391 1373 1443 te
1396 1381 1525 1464 exigam
1548 1400 1650 1461 quave

195 1490 225 1549 in
249 1507 291 1556 rc,
308 1491 429 1567 optime
453 1486 641 1572 Augustino,
665 1498 720 1550 tua
744 1507 842 1566 opera
865 1489 910 1549 uti
932 1487 1037 1562 velim,
1061 1505 1103 1547 ex
1125 1485 1259 1559 schedis
1276 1505 1355 1566 quas
1378 1484 1473 1547 frater
1496 1504 1586 1547 meus
1609 1483 1651 1546 ad

194 1611 247 1654 me
270 1595 361 1666 misit,
384 1612 530 1673 quasque
561 1612 622 1674 ego
646 1593 718 1654 huic
741 1591 896 1672 epistolae
927 1591 1048 1665 inclusi,
1072 1608 1266 1672 cognosces;
1296 1609 1475 1671 precorque
1498 1592 1651 1652 maiorem

194 1699 225 1758 in
242 1695 385 1770 modum,
402 1708 437 1759 ut
451 1698 500 1759 his
516 1697 608 1758 malis
631 1698 761 1759 obviam
784 1715 847 1758 eas.
871 1694 1033 1776 Equidem
1056 1697 1114 1757 etsi
1130 1691 1366 1757 Cadanensium
1390 1694 1519 1756 consilia
1535 1696 1651 1769 nescio,

192 1799 270 1861 nihil
293 1811 400 1861 tamen
423 1802 500 1863 boni
523 1802 676 1879 suspicari
698 1819 840 1882 possum.
863 1799 997 1875 Vereor,
1021 1818 1062 1860 ne
1085 1801 1116 1860 in
1140 1799 1332 1879 quotidianis
1355 1798 1449 1861 huius
1471 1798 1652 1877 provinciae
1733 1805 1741 1823 “

194 1906 336 1966 motibus
351 1907 563 1987 cogitationes
578 1925 691 1967 eorum
715 1905 877 1979 aliorsum,
893 1923 991 1984 quam
1014 1905 1047 1965 in
1071 1906 1250 1983 praesentia
1266 1903 1350 1966 credi
1368 1905 1477 1983 possit,
1492 1913 1652 1982 spectent;

194 2008 391 2088 forsitanque
407 2012 530 2072 cautius
545 2011 602 2072 erit
618 2029 679 2071 nos
703 2009 838 2070 aliorum
861 2007 1019 2087 exemplis
1041 2007 1177 2070 edoctos
1199 2010 1289 2069 novis
1312 2007 1360 2069 his
1383 2007 1557 2081 conatibus,
1574 2007 1652 2068 dum

194 2112 274 2187 licet,
298 2114 435 2186 obstare,
460 2132 557 2193 quam
588 2115 662 2192 pati,
694 2122 729 2175 ut
753 2112 874 2174 malum
897 2130 1032 2173 nascens
1055 2113 1272 2173 inveterascat.
1310 2111 1425 2191 Neque
1447 2109 1540 2173 video
1575 2111 1654 2173 haec

195 2220 304 2278 omnia
327 2218 524 2297 tranquillius
547 2218 644 2296 sopiri
675 2236 780 2296 posse,
802 2235 901 2296 quam
932 2217 957 2277 si
987 2215 1139 2290 effeceris
1162 2226 1197 2276 ut
1220 2214 1319 2297 Regia
1342 2214 1492 2278 Maiestas
1516 2218 1548 2277 in
1571 2235 1652 2288 eam,

195 2341 293 2402 quam
324 2324 480 2401 cupimus,
504 2323 696 2384 sententiam
727 2340 801 2382 cum
832 2320 916 2382 fratri
947 2339 1022 2381 meo
1053 2330 1122 2382 tum
1154 2321 1229 2399 ipsis
1260 2316 1502 2383 Cadanensibus
1528 2321 1652 2382 scribat.

194 2425 328 2488 Evenict
344 2430 430 2488 enim
447 2427 561 2500 forsan,
577 2437 613 2488 ut
632 2429 686 2507 qui
709 2427 825 2488 nostris
848 2424 1122 2486 admonitionibus
1138 2423 1246 2486 locum
1261 2443 1328 2486 non
1343 2423 1532 2506 relinquunt,
1549 2427 1654 2508 regiae

195 2532 375 2593 auctoritati
399 2531 530 2608 cedant;
554 2542 616 2606 aut,
633 2530 706 2592 siid
729 2532 840 2609 utique
862 2548 975 2611 parum
999 2548 1042 2589 ex
1064 2532 1221 2591 sententia
1243 2529 1405 2609 procedet,
1421 2549 1487 2590 non
1510 2528 1654 2611 indigna-

196 2637 279 2697 bitur
304 2633 371 2696 Sua
394 2634 554 2710 Maiestas,
578 2638 603 2696 si
627 2636 675 2696 ius
697 2645 852 2707 nostrum,
877 2634 1123 2714 quibuscunque
1152 2634 1258 2695 modis
1279 2636 1462 2713 poterimus,
1486 2635 1653 2697 tuebimur.

197 2739 287 2801 llaec
311 2742 421 2818 paucis
449 2740 490 2801 ad
520 2751 552 2802 te
581 2741 704 2802 scribo:
738 2739 815 2820 quid
847 2739 932 2799 enim
964 2757 1094 2801 necesse
1122 2748 1169 2800 est
1191 2738 1270 2800 locis
1293 2739 1520 2801 communibus
1542 2739 1652 2818 ampli·

195 2844 463 2924 ficationibusque
493 2844 580 2924 apud
612 2854 644 2905 te
673 2845 726 2917 uti,
759 2845 849 2905 cuius
880 2862 955 2925 erga
979 2861 1030 2903 me
1062 2845 1205 2904 animum
1236 2844 1408 2906 innumeris
1438 2845 1500 2904 iam
1532 2843 1654 2906 indiciis

194 2949 366 3028 perspexi?
389 2947 561 3011 Caeterum
583 2950 642 3011 etsi
666 2949 722 3010 tibi
746 2966 809 3029 ego
832 2947 992 3027 fraterque
1016 2967 1107 3009 meus
1130 2948 1231 3010 multa
1254 2947 1418 3022 debemus,
1441 2947 1538 3029 idque
1553 2948 1655 3027 'plane

193 3055 401 3134 ingenueque
431 3052 638 3116 confitemur:
673 3053 851 3115 cumulabis
883 3063 991 3114 tamen
1029 3054 1146 3126 omnia,
1176 3054 1201 3113 si
1232 3072 1277 3126 ea,
1309 3071 1393 3133 quae
1423 3054 1570 3132 petimus
1600 3064 1654 3116 tua

191 3177 269 3220 cura
294 3168 391 3236 atque
414 3158 568 3220 industria
599 3157 751 3219 fuerimus
782 3160 953 3220 consecuti.
989 3155 1038 3217 De
1062 3159 1143 3235 stipe
1166 3176 1239 3218 mea
1269 3156 1359 3238 quod
1383 3156 1488 3219 dicam
1512 3161 1542 3219 in
1566 3177 1654 3237 prae·

189 3264 305 3336 sentia,
328 3281 459 3342 prorsus
489 3263 615 3336 nescio;
646 3264 832 3323 conieceras
864 3264 950 3322 enim
982 3281 1034 3323 me
1064 3262 1094 3322 in
1125 3280 1216 3340 spem
1248 3261 1413 3342 quandam
1444 3262 1547 3335 literis,
1574 3281 1655 3342 quas

189 3379 361 3447 postremo
377 3365 419 3427 ad
435 3385 488 3427 me
503 3365 625 3428 dedisti.
649 3364 715 3428 Sed
732 3385 805 3427 eam
821 3385 954 3446 quoque
976 3365 1037 3428 lroc
1058 3376 1203 3447 tempore
1227 3369 1393 3428 evanuisse
1413 3366 1517 3429 vide0.
1542 3366 1655 3428 Menti·

187 3491 293 3534 onem
324 3481 431 3533 autem
464 3473 531 3534 eius
564 3471 608 3531 rei
640 3473 671 3531 in
701 3480 793 3532 tanto
824 3472 911 3533 luctu
942 3471 1046 3532 lacere
1068 3490 1186 3544 vereor,
1210 3491 1251 3532 ne
1273 3471 1349 3533 nihil
1380 3470 1467 3533 aliud
1495 3473 1534 3533 sit
1557 3491 1654 3551 quam

187 3574 324 3649 afflicto
346 3585 382 3636 ut
403 3575 465 3636 dici
488 3574 580 3648 solet,
603 3572 810 3636 afflictionem
834 3574 961 3636 addere.
997 3574 1159 3654 Quoniam
1183 3586 1293 3637 tamen
1316 3575 1414 3637 audio
1437 3575 1537 3638 multa
1560 3573 1655 3637 millia

186 3681 297 3741 boum
320 3681 352 3740 in
375 3679 472 3741 natali
495 3681 658 3761 regiorum
681 3698 858 3757 puerorum
880 3680 984 3741 solere
1007 3680 1150 3754 conferri,
1167 3680 1209 3741 da
1233 3698 1374 3759 operam,
1395 3681 1420 3741 si
1443 3681 1500 3742 tibi
1523 3679 1655 3753 videtur,

185 3796 228 3846 ut
252 3782 369 3843 saltem
393 3783 500 3845 bobus
524 3784 601 3845 mihi
625 3783 766 3845 satisfiat.
798 3783 848 3846 De
873 3782 1041 3845 Plutarcho
1063 3803 1180 3866 graeco
1203 3783 1287 3847 adeo
1311 3785 1507 3860 obmutuisti,
1531 3796 1566 3847 ut
1587 3787 1655 3866 ipse

185 3906 330 3968 quoque
346 3887 484 3948 eanden
506 3907 575 3950 rem
598 3888 655 3949 tibi
678 3889 773 3950 toties
796 3888 954 3950 inculcare
977 3889 1179 3950 erubescam:
1206 3907 1391 3970 quanquam
1411 3891 1464 3950 vix
1484 3892 1656 3969 quicquam

184 3994 233 4054 sit
265 3993 297 4053 in
323 4011 357 4068 re
379 3992 493 4053 saltem
524 3992 668 4067 literaria,
693 3992 782 4073 quod
813 3993 875 4054 hoc
905 4003 1052 4072 tempore
1081 3992 1198 4054 malim.
1233 3992 1324 4054 Vale,
1358 3993 1409 4055 Ex
1433 3992 1657 4072 Hassensteyn

192 4097 244 4161 14.
268 4094 417 4180 Augusti.

283 4267 381 4337 Jaky‘m
401 4267 504 4335 novym
523 4284 633 4336 sporem
653 4287 666 4321 s
686 4270 814 4337 meitany
834 4267 1023 4337 Kadallslry'mi
1043 4285 1079 4336 po
1098 4267 1223 4336 vyllzeni
1241 4269 1318 4331 toho,
1338 4284 1354 4320 o
1374 4269 1454 4322 nimi
1471 4268 1575 4337 jednajl
1593 4268 1657 4337 listy

188 4352 256 4418 107,
277 4352 439 4418 1102114,
465 4354 529 4422 peni
549 4354 730 4408 Hasiiteinsti
756 4354 935 4408 zLoblrovic
961 4372 991 4407 se
1016 4354 1110 4417 utkali,
1129 4355 1195 4408 neni
1221 4355 1320 4411 zlistu
1346 4357 1451 4409 nabebo
1470 4356 1547 4409 zcela
1568 4356 1657 4423 jasno.

185 4441 319 4495 Vroeeni
338 4440 402 4493 listu
421 4445 488 4494 naie
511 4441 566 4509 jest
590 4441 740 4510 bezpecne,
759 4440 903 4510 poncvadi
929 4460 960 4495 se
983 4460 1000 4494 v
1019 4445 1084 4495 nem
1108 4459 1145 4495 na
1169 4441 1316 4495 nedavnou
1335 4451 1405 4496 smrt
1424 4443 1556 4513 kralovny
1574 4443 1657 4512 Anny

183 4519 275 4595 (tart.
295 4531 432 4582 dervence
454 4528 531 4596 1506)
549 4547 567 4583 a
585 4546 621 4582 na
640 4530 772 4583 narozeni
790 4529 931 4583 kralovice
950 4531 1077 4584 Ludvllra
1097 4532 1219 4584 zietelne
1239 4529 1340 4583 neritii.

896 4761 966 4825 127,

501 4897 722 4970 Bohuslav
751 4897 1001 4973 Bernhardu
1031 4897 1356 4972 Adelmannovi.

283 5048 304 5104 Ζ
319 5047 473 5107 Ηιείἓῑοίηι
492 5051 586 5119 (1500)
600 5082 633 5089 -
647 5053 691 5107 20.
709 5064 803 5124 srpntt.
821 5051 920 5104 Attoli
940 5053 1029 5121 mysll,
1044 5053 1075 5106 ie
1094 5051 1236 5105 Bembard
1255 5049 1656 5119 ιάο]ηἰ11οΝέτηεε1ε(Νἰῑο-

195 5136 321 5201 zemska)
343 5154 373 5189 se
392 5138 480 5205 posud
506 5138 630 5202 nevratil,
649 5140 708 5207 pise
727 5157 782 5202 mu,
801 5139 855 5209 aby
874 5141 911 5192 ho
930 5140 1058 5208 upokojil.
1087 5140 1176 5208 Koupi
1202 5121 1273 5192 lione
1298 5138 1329 5191 ie
1355 5138 1454 5190 odtotil
1474 5139 1509 5191 do
1526 5138 1591 5205 jeho
1611 5137 1655 5190 na-

194 5231 290 5288 vratu3
309 5222 395 5292 knihy
408 5224 475 5277 sobe
493 5225 616 5293 poslane‚
629 5226 700 5278 mezi
720 5225 787 5278 nimi
806 5226 869 5279 take
888 5225 1014 5279 konelnc
1028 5227 1133 5280 Suiditv
1151 5227 1267 5290 slovnllr,
1287 5225 1320 5280 ie
1334 5225 1452 5278 obdrlel.
1474 5225 1552 5278 Prosl
1571 5243 1588 5278 ο
1599 5224 1655 5291 jine

200 5312 265 5381 opit
282 5327 301 5364 a
319 5327 335 5363 o
355 5310 460 5383 noviny
478 5328 493 5365 z
512 5313 626 5368 dolnlho
646 5313 796 5368 Ntmecka.
815 5314 895 5381 (Luc.
915 5313 983 5379 114.)
