3660 5850
287 374 321 428 68
965 370 1056 432 1497.

287 589 348 650 tuis
380 599 531 648 terrorem
566 586 703 661 incussit,
727 599 760 648 ut
792 587 853 647 iam
886 586 926 647 de
954 598 985 647 te
1012 598 1118 648 actum
1150 584 1345 648 crederetur:
1370 604 1475 664 neque
1505 586 1617 645 iniuria
1650 603 1734 653 sane,

289 692 420 772 quando
444 690 586 751 nonnulli
602 710 644 751 ex
660 692 716 765 nis,
740 710 824 770 quos
847 692 913 771 ipse
938 691 1114 753 honoribus
1138 692 1319 771 opibusque
1334 709 1470 751 auxeras
1492 700 1524 750 et
1548 692 1593 750 tui
1616 690 1733 751 consilii

288 798 456 876 participes
479 797 606 870 feceras,
626 798 707 856 inter
728 798 912 857 coniuratos
934 806 1049 857 essent.
1072 793 1138 858 Sed
1162 794 1310 877 vigilabat
1333 813 1392 874 pro
1416 806 1447 855 te
1470 794 1657 857 immortalis
1680 795 1736 856 do-

289 903 402 974 minus,
425 920 529 981 neque
553 918 666 978 passus
681 911 729 961 est
745 900 885 961 humana
908 900 1019 962 fraude
1043 901 1189 979 opprimi,
1213 918 1310 978 quem
1334 918 1391 977 per
1413 903 1518 963 varios
1541 911 1674 963 eventus
1695 901 1735 963 ad

290 1024 451 1067 summum
486 1005 646 1087 dignitatis
684 1003 810 1067 culmen
849 1006 1025 1083 provehere
1059 1004 1278 1066 destinaverat.
1323 1004 1521 1085 Compositis
1554 1009 1640 1067 enim
1675 1008 1734 1066 iam

290 1110 439 1171 omnibus
454 1121 485 1170 et
501 1110 639 1171 facinore
661 1128 743 1189 pene
765 1120 895 1188 peracto
920 1109 1057 1171 lllathias
1080 1121 1185 1170 morte
1208 1122 1374 1189 correptus
1396 1108 1505 1172 docuit
1528 1113 1736 1192 cogitationes

290 1213 456 1275 hominum
473 1214 654 1275 mortalium
670 1232 767 1276 vanas
783 1234 863 1275 esse.
887 1213 1018 1275 Poteras
1041 1225 1108 1275 tum
1124 1214 1222 1275 libere
1245 1216 1276 1274 in
1299 1226 1452 1277 nocentes
1467 1217 1595 1289 saevire,
1611 1225 1736 1294 poteras

291 1318 332 1380 dc
355 1319 527 1379 coniuratis
549 1318 720 1379 vindictam
737 1336 872 1392 sumere,
895 1329 927 1379 et
950 1329 1095 1380 caeteros
1118 1339 1137 1379 a
1159 1318 1251 1379 simili
1274 1317 1442 1397 parricidio
1465 1319 1658 1381 absterrere:
1681 1319 1736 1382 sed

290 1421 418 1485 noluisti
441 1424 568 1484 innatae
597 1423 654 1485 tibi
677 1424 880 1504 benignitatis
910 1422 1058 1497 oblivisci,
1086 1422 1296 1502 sulficereque
1326 1425 1443 1502 putasti
1465 1442 1645 1502 paucorum
1667 1443 1738 1505 sup

292 1527 387 1607 plicio
417 1526 587 1589 ostendere
616 1527 692 1599 aliis,
723 1528 799 1606 quid
830 1547 888 1588 eos
911 1529 975 1606 pati
1002 1530 1193 1588 conveniret.
1231 1526 1339 1606 Quam
1370 1527 1626 1590 moderationem
1653 1542 1737 1591 tuam

292 1652 376 1712 quae
399 1632 529 1693 tandem
553 1641 641 1693 aetas
664 1631 799 1693 nesciet?
822 1630 920 1710 Quod
944 1632 1087 1692 seculum
1111 1631 1286 1713 ignorabit?
1310 1631 1425 1712 Neque
1446 1652 1499 1694 me
1522 1633 1602 1714 sugit
1624 1632 1739 1711 pleros-

292 1755 356 1817 que
385 1735 475 1797 aliter
508 1737 625 1798 sentire
658 1746 690 1795 et
719 1738 827 1809 vereri,
861 1755 902 1796 ne
932 1737 1029 1796 nimia
1051 1735 1130 1796 haec
1164 1735 1331 1797 clementia
1362 1739 1393 1797 in
1423 1748 1520 1816 eaput
1546 1748 1638 1799 tuum
1669 1756 1738 1800 cum

293 1859 421 1902 summa
450 1840 643 1920 reipublicae
673 1842 810 1919 pernicie
834 1838 1008 1919 aliquando
1038 1854 1200 1921 erumpat:
1232 1859 1293 1921 ego
1323 1853 1444 1910 tamen.
1476 1840 1567 1921 quod
1604 1842 1738 1923 benigne

294 1945 538 2023 humaniterque
568 1945 685 2005 sactum
716 1939 807 2026 est,⁸)
841 1943 1098 2024 qualemcunque
1132 1944 1264 2006 tandem
1292 1943 1323 2005 id
1358 1944 1453 2007 finem
1487 1946 1644 2020 habuerit,
1677 1964 1739 2006 non

293 2050 430 2130 probare
454 2067 520 2110 non
543 2068 692 2128 possum:
721 2067 907 2129 quanquam
938 2051 1004 2111 scio
1034 2049 1169 2128 aliquos,
1193 2048 1270 2110 dum
1293 2048 1478 2111 crudelitate
1508 2068 1689 2128 poenarum
1711 2051 1740 2109 in

293 2155 361 2232 pari
384 2172 460 2214 casu
483 2151 557 2213 nihil
581 2153 797 2232 proiecissent,
827 2155 1076 2215 mansuetiorem
1107 2156 1189 2214 viam
1214 2152 1295 2214 lianc
1318 2155 1477 2235 ingressos
1500 2155 1558 2215 sibi
1584 2155 1615 2215 in
1637 2164 1740 2234 poste·

293 2276 364 2318 rum
394 2256 600 2320 consuluisse.
638 2255 757 2338 Magna
778 2256 859 2318 haec
881 2267 968 2332 sunt,
992 2276 1076 2337 quae
1099 2258 1199 2330 retuli,
1233 2277 1339 2338 neque
1369 2268 1475 2319 tamen
1506 2278 1565 2319 sna
1596 2257 1740 2319 mercede

293 2380 418 2443 suoque
441 2363 584 2440 praemio
607 2373 722 2423 carent.
762 2360 857 2425 Unde
880 2364 965 2423 enirn
988 2361 1105 2424 lactum
1133 2375 1236 2441 putas,
1259 2374 1294 2424 ut
1317 2361 1597 2440 opulentissimum
1620 2362 1741 2423 Panno

292 2468 419 2527 niomm
441 2484 575 2547 regnum
597 2467 654 2528 tibi
677 2463 841 2549 obtigerit?
878 2465 966 2527 Num
989 2469 1064 2546 quia
1086 2468 1206 2528 vicinus
1228 2466 1316 2529 eras?
1348 2465 1467 2529 Sedet
1490 2464 1742 2527 Maximilianus:

298 2591 404 2650 neque
428 2573 456 2632 ei
479 2572 585 2632 minus
606 2569 780 2632 Germania
802 2590 900 2650 quam
926 2571 982 2633 tibi
1006 2570 1161 2633 Bolremia
1183 2572 1321 2634 affutura
1344 2572 1540 2651 sperabatur.
1579 2568 1632 2632 An
1657 2570 1742 2651 quod

295 2676 412 2738 nobilis
433 2686 465 2737 et
488 2696 527 2737 ea
549 2678 672 2757 generis
695 2674 843 2749 claritate,
867 2696 931 2756 qua
953 2679 1062 2738 neseio
1085 2679 1110 2737 si
1133 2675 1211 2755 quid
1234 2679 1264 2737 in
1289 2678 1378 2738 terris
1399 2675 1548 2738 illustrius
1572 2676 1641 2738 est?
1678 2675 1742 2738 Nisi

297 2781 391 2859 plane
406 2779 447 2841 ad
474 2779 596 2842 fabulas
619 2781 761 2863 refugere
783 2780 917 2843 velimus
939 2791 972 2842 et
994 2781 1043 2842 his
1064 2780 1201 2856 credere,
1225 2782 1279 2862 qui
1295 2782 1354 2842 sibi
1370 2780 1518 2842 familiam
1542 2800 1587 2841 ex
1611 2780 1743 2843 Homeri

297 2885 490 2946 carminibus
520 2884 684 2964 adoptant,
714 2885 816 2965 qualis
846 2896 913 2948 erat
943 2888 1099 2946 memoria
1130 2898 1256 2965 patrum
1286 2885 1448 2966 Philippus
1470 2884 1648 2947 Mediolani
1671 2884 1744 2958 dux,

296 2991 350 3068 qui
373 2987 519 3051 Aeneam
553 2988 640 3050 illum
673 2998 840 3068 poetarum
874 2991 1068 3052 carminibus
1090 2989 1243 3068 inclytum
1271 2992 1351 3052 inter
1380 2991 1518 3051 maiores
1547 2990 1745 3063 numerabat,

297 3092 399 3173 qualis
428 3112 530 3172 nuper
560 3096 655 3155 etiam
687 3092 746 3167 ille,
769 3095 822 3173 qui
847 3093 890 3154 nl.
913 3092 1079 3156 Valerium
1102 3091 1277 3156 Corvinum
1301 3112 1378 3156 suae
1401 3094 1578 3156 nobilitatis
1600 3106 1745 3157 autorem

296 3198 383 3260 credi
407 3198 515 3260 voluit.
554 3197 622 3260 Nec
654 3197 821 3259 dissimiles
848 3208 922 3259 sunt
950 3199 1092 3278 plerique
1126 3217 1231 3259 rerum
1265 3208 1446 3259 nostrarum
1480 3199 1663 3277 scriptores,
1696 3200 1746 3277 qui

297 3301 515 3364 Bohemorum
539 3305 692 3384 originem
715 3301 757 3363 ad
786 3302 1032 3364 famosissimam
1055 3302 1139 3364 illam
1162 3305 1272 3364 turrim
1296 3300 1402 3375 Babel,
1433 3303 1487 3365 ubi
1511 3304 1654 3381 primurn
1676 3321 1748 3365 con-

297 3407 380 3468 lusio
403 3407 580 3489 linguarum
604 3406 687 3469 sacta
709 3416 766 3481 est,
790 3405 935 3468 referunt.
960 3406 1092 3468 Puerilia
1116 3417 1188 3469 sunt
1212 3406 1290 3468 haec
1312 3425 1419 3485 neque
1441 3410 1641 3490 argumentis
1664 3406 1749 3470 resel-

296 3509 397 3585 lenda,
429 3511 486 3572 sed
517 3514 580 3573 n'su
611 3511 773 3591 sibilisque
803 3509 1018 3588 explodenda.
1055 3510 1107 3572 Tu
1129 3530 1214 3585 vere,
1244 3513 1270 3573 si
1293 3521 1462 3591 paternum
1488 3530 1592 3593 genus
1613 3513 1749 3590 inspicis,

297 3614 508 3695 Cazymirum,
526 3616 746 3689 Vl'ladislaum,
762 3615 998 3695 Vitoldumque
1021 3618 1175 3687 invenies;
1199 3617 1224 3676 si
1248 3626 1436 3690 maternum,
1451 3613 1633 3690 Albertum,
1656 3614 1750 3697 Sigis-

298 3720 454 3782 mundum
488 3730 519 3781 et
543 3719 703 3783 Carolum.
741 3719 907 3800 Attingere
939 3722 1023 3780 enim
1051 3721 1213 3800 superiora
1243 3731 1275 3782 et
1303 3738 1360 3799 per
1386 3729 1499 3782 atavos
1529 3715 1750 3801 abavosque')

298 3835 372 3887 tuos
394 3827 508 3905 vagari,
543 3841 607 3885 non
634 3836 682 3886 est
710 3826 809 3885 nostri
840 3826 980 3886 instituti.
1016 3822 1160 3887 Tametsi
1187 3834 1295 3885 autem
1324 3821 1437 3906 vulgus
1470 3825 1583 3906 ingens
1612 3823 1751 3886 hominis

298 3940 523 3990 omamentum
546 3928 745 3990 nobilitatem
768 3948 839 3991 esse
862 3939 962 4008 putat,
988 3948 1095 4008 neque
1117 3948 1178 4011 ego
1201 3946 1294 3989 secus
1320 3926 1540 3989 indicaverim:
1563 3929 1618 4008 qui
1643 3938 1750 3989 tamen

298 4032 377 4095 haec
406 4034 561 4094 curiosius
591 4035 841 4113 exquisitiusque
872 4036 1034 4107 rimantur,
1064 4033 1139 4093 nihil
1171 4035 1201 4093 in
1225 4034 1319 4095 bonis
1350 4031 1533 4094 huiusmodi
1564 4031 1752 4095 habendum

298 4148 436 4199 censent.
473 4134 642 4199 Caeterum
665 4137 871 4218 quidcunque
894 4138 925 4199 id
956 4156 1027 4200 esse
1057 4136 1239 4210 dixerimus,
1269 4154 1443 4198 commune
1472 4137 1529 4198 tibi
1559 4135 1753 4198 cumfratre

299 4239 433 4303 Alberto
456 4241 519 4304 luit.
559 4240 664 4303 iunior
694 4241 745 4302 ille
773 4242 903 4321 quidem
925 4253 956 4304 et
979 4243 1149 4315 robustior,
1172 4251 1271 4321 atque
1294 4240 1368 4302 ideo
1390 4239 1433 4302 ad
1455 4239 1585 4302 labores
1607 4252 1642 4303 et
1669 4242 1753 4324 regia

301 4365 432 4408 munera
462 4345 613 4408 obeunda
643 4349 748 4426 aptior
783 4345 880 4408 videri
909 4349 1027 4426 potuit:
1058 4345 1116 4407 sed
1147 4364 1212 4407 non
1243 4345 1305 4407 lroc
1334 4355 1558 4425 spectaverunt
1587 4342 1754 4406 Pannonii

300 4450 397 4512 Aliud
420 4451 476 4512 tibi
499 4469 610 4511 eorum
627 4452 751 4512 animos
767 4449 950 4525 conciliavit,
966 4448 1050 4511 aliud
1067 4452 1205 4529 inquam,
1229 4461 1261 4511 et
1284 4448 1373 4528 quod
1396 4447 1555 4528 peculiare
1573 4451 1756 4529 proprium

300 4574 363 4634 que
377 4552 416 4635 ¹⁰)
439 4565 530 4617 tuum
553 4565 609 4627 est,
632 4566 664 4617 te
687 4558 772 4636 genti
795 4553 835 4616 illi
859 4565 1026 4633 acceptum
1049 4565 1242 4635 gratumque
1264 4551 1411 4615 reddidit.
1428 4550 1535 4614 Nemo
1559 4553 1757 4632 querebatur

300 4678 335 4719 se
358 4661 464 4738 inique
486 4657 745 4734 condemnatum,
774 4678 880 4738 neque
910 4661 1083 4739 quicquam
1114 4660 1172 4721 sibi
1203 4658 1262 4719 abs
1285 4669 1316 4719 te
1338 4676 1394 4738 per
1417 4659 1566 4719 iniuriam
1589 4668 1756 4738 ereptum:

300 4765 377 4842 quin
393 4766 498 4835 etiam,
514 4765 539 4823 si
555 4763 633 4841 quid
649 4763 749 4836 alicui,
773 4773 808 4824 ut
823 4763 865 4838 lit,
884 4781 1003 4847 parum
1026 4763 1230 4842 probabatur,
1246 4773 1335 4824 tanta
1349 4772 1456 4823 tamen
1472 4772 1542 4823 erat
1557 4763 1758 4825 existimatio

301 4868 421 4927 virtutis
444 4877 526 4939 tuae,
550 4877 584 4927 ut
607 4885 704 4927 nemo
727 4866 759 4928 id
782 4867 848 4946 tibi,
872 4866 929 4929 sed
946 4869 1126 4946 purpuratis
1148 4868 1210 4929 tuis
1233 4866 1392 4929 tribueret.
1415 4863 1652 4929 intellexerunt
1675 4868 1760 4937 item,

391 5126 410 5189 ⁸)
429 5125 457 5176 ill
477 5125 621 5192 vynechal.

392 5213 412 5277 ⁹)
430 5213 454 5264 K
472 5211 650 5279 tritavosque.

384 5297 413 5369 ¹⁰)
432 5297 460 5349 lli
478 5296 691 5372 propinqueque.
