3660 5850
862 382 954 444 1489.
1113 380 1120 391 ’
1598 385 1632 439 25

183 607 385 674 corruptum,
410 599 615 676 nequeenim
639 617 681 658 ex
704 608 752 660 tot
773 597 900 659 milibus
923 599 1085 673 artificum,
1109 618 1193 678 quos
1209 598 1412 660 mechanicos
1426 597 1632 679 appellamus,

183 699 322 778 aliquem
346 701 493 773 invenies,
519 704 572 780 qui
595 705 745 783 singulari
767 705 843 764 artis
865 722 942 763 suae
965 705 1076 782 peritia
1098 706 1210 764 ceteris
1232 702 1408 765 antecellat,
1435 703 1498 783 Qui
1524 714 1633 764 tamen

185 804 254 864 soro
277 814 399 877 vacant,
422 816 453 866 et
476 804 665 885 eloquentes
688 818 719 868 et
742 810 773 869 in
796 806 934 868 dicendo
962 827 1072 889 graves
1095 819 1191 886 atque
1219 810 1341 887 copiosi
1371 807 1535 868 habentur.
1569 805 1634 867 Ve-

184 911 284 983 stitus,
308 929 374 988 quo
390 912 481 988 prisci
497 910 673 993 Pragenses
688 913 867 984 utebantur,
890 913 1017 991 penitus
1040 914 1070 972 in
1086 911 1320 973 disuetudinem
1343 913 1427 985 abiit,
1449 912 1512 973 hoc
1527 923 1633 974 autem

185 1024 330 1094 tempore
354 1017 433 1076 inter
455 1014 637 1078 Germanos
660 1017 908 1096 Pannoniosque
942 1016 1067 1078 medius
1089 1029 1145 1091 est,
1176 1037 1249 1077 nam
1285 1019 1316 1079 in
1351 1019 1491 1096 utrisque
1521 1016 1633 1077 harum

185 1121 327 1201 gentium
351 1118 470 1200 aliquid
492 1123 640 1184 imitatur.
679 1120 828 1184 Ceterum
859 1123 989 1183 minime
1019 1134 1192 1204 perpetuus
1222 1135 1278 1197 est,
1309 1134 1341 1185 et
1363 1122 1507 1202 quolibet
1536 1122 1634 1182 serme

184 1241 271 1285 anno
295 1220 395 1305 (tanta
418 1235 466 1285 est
490 1224 657 1288 hominum
679 1223 917 1301 inconstantiall
941 1236 1097 1303 mutatur;
1125 1228 1252 1289 habitus
1274 1237 1384 1289 tamen
1410 1227 1529 1305 persici,
1552 1243 1634 1304 quos

185 1329 300 1390 ssubas
315 1328 485 1409 appellant,
502 1332 666 1409 pristinam
690 1331 826 1393 formam
845 1333 988 1406 retinent,
1008 1350 1108 1411 quum
1130 1331 1220 1393 lineis
1236 1332 1384 1404 vestibus
1400 1348 1536 1410 quarum
1551 1348 1636 1391 nunc

186 1431 458 1512 frequentissimus
488 1454 565 1497 usus
591 1448 647 1510 est,
675 1437 817 1497 maxime
843 1438 997 1519 congruit.
1028 1435 1234 1516 Quamquam
1258 1438 1342 1497 enim
1366 1437 1501 1496 maiores
1524 1452 1636 1495 eorum

186 1537 316 1619 frigoris,
339 1539 461 1615 caloris
488 1542 555 1602 sitis
577 1551 609 1602 et
631 1540 756 1603 inediae
779 1541 1000 1619 patientissimi
1022 1540 1148 1602 fuerunt
1179 1551 1210 1602 et
1232 1540 1421 1619 corporibus
1444 1537 1485 1600 ad
1508 1538 1636 1599 labores

186 1643 391 1705 sustinendos
413 1642 608 1720 firmissimis,
623 1645 683 1707 hos
700 1657 806 1708 tamen
823 1644 937 1724 epulae
960 1643 1173 1724 quotidianae,
1197 1655 1301 1705 scorta
1316 1654 1348 1705 et
1370 1645 1471 1705 otium
1488 1645 1530 1703 ita
1546 1660 1635 1702 encr-

186 1758 269 1821 vant,
293 1758 327 1808 ut
350 1749 395 1810 eis
419 1750 483 1809 iam
505 1768 571 1810 non
594 1750 700 1812 solum
723 1768 812 1811 arma
835 1748 1010 1810 sedetiam
1033 1751 1222 1810 vestimenta
1245 1750 1333 1810 oneri
1356 1750 1424 1809 sint.
1456 1746 1635 1808 Nocentem

183 1851 374 1931 supplicium
398 1851 485 1913 luere
509 1855 540 1913 in
564 1852 623 1914 hac
647 1855 725 1915 urbe
747 1872 904 1933 perquam
928 1873 1032 1915 rarum
1049 1865 1105 1926 est,
1121 1862 1348 1933 persuaserunt
1371 1853 1454 1912 enim
1474 1851 1533 1911 sibi
1549 1869 1635 1929 pres·

185 1954 305 2032 byteris
334 1976 411 2018 suae
441 1968 547 2018 sectae
577 1956 670 2018 huius
704 1959 881 2018 sententiae
910 1958 1095 2019 auctoribus
1118 1955 1240 2037 nephas
1270 1975 1340 2018 esse
1369 1965 1401 2017 et
1428 1955 1489 2037 legi
1513 1954 1637 2016 divinae

185 2062 311 2138 penitus
334 2060 504 2122 adversum
527 2060 700 2134 hominem,
731 2064 854 2123 etiamsi
885 2060 1126 2123 scelestissimus
1149 2062 1197 2133 sit,
1227 2059 1368 2134 interfici,
1391 2070 1557 2138 tamquam
1580 2057 1637 2120 do-

185 2165 290 2224 minus
313 2184 379 2226 non
413 2167 629 2244 praecepisset
652 2164 767 2244 Moysi,
803 2185 843 2227 ne
878 2164 1040 2227 maleficos
1074 2183 1171 2243 super
1205 2176 1321 2225 terram
1354 2165 1459 2224 vivere
1490 2164 1636 2242 patiatur.

185 2265 344 2347 Quicquid
375 2271 460 2330 enim
491 2269 680 2330 christianae
711 2269 932 2330 consuetudini
963 2271 1157 2330 contrarium
1179 2280 1236 2341 est,
1265 2267 1297 2328 id
1322 2271 1348 2330 si
1375 2268 1482 2348 aliquo
1512 2267 1638 2328 divinae

184 2373 358 2449 scripturae
380 2374 565 2434 testimonio
589 2376 716 2435 tametsi
739 2374 823 2434 male
846 2373 1004 2436 intellecto
1027 2373 1218 2434 confirmare
1237 2384 1268 2434 et
1284 2372 1450 2433 confutare
1472 2370 1637 2450 paululmn

186 2485 330 2555 possunt,
353 2494 434 2537 mox
456 2477 601 2538 exultant
623 2477 752 2560 gaudio,
775 2486 942 2556 tamquam
964 2497 1024 2538 nos
1041 2497 1154 2538 omnes
1177 2476 1379 2538 orthodoxae
1402 2475 1478 2537 fidei
1500 2475 1638 2537 cultores

188 2588 219 2640 et
241 2579 387 2640 doctrina
410 2590 442 2640 et
465 2584 676 2642 sanctimonia
698 2583 868 2655 vincerent,
890 2581 988 2660 idque
1010 2601 1070 2660 pro
1093 2592 1186 2642 scuto
1210 2580 1391 2641 firmissimo
1413 2582 1461 2641 sui
1484 2581 1639 2641 scismatis

189 2685 341 2761 arripiunt
364 2687 538 2766 gestientes
568 2704 687 2769 magno
710 2684 837 2768 gaudio,
868 2686 957 2766 quod
988 2685 1106 2766 aliquid
1136 2688 1219 2748 nacti
1242 2696 1355 2756 essent,
1379 2704 1445 2764 quo
1472 2683 1639 2745 Romanae
1684 2768 1686 2773 ,

189 2786 341 2849 ecclesiae
365 2790 552 2868 imperitiam
576 2800 608 2850 et
631 2790 856 2871 negligentiam
887 2809 1062 2872 coarguere
1085 2802 1116 2852 et
1140 2787 1372 2870 reprehendere
1395 2791 1526 2869 possint.
1565 2787 1640 2867 Quo

189 2890 232 2962 fir,
256 2901 291 2953 ut
313 2891 391 2952 dum
415 2891 533 2953 famam
556 2894 730 2954 sanctitatis
760 2896 886 2974 assequi
909 2897 1049 2974 cupiunt,
1073 2895 1231 2975 pleraque,
1262 2914 1345 2975 quae
1368 2893 1454 2974 apud
1478 2912 1537 2953 nos
1561 2892 1640 2952 levia

189 2994 344 3068 videntur,
368 2994 454 3075 apud
478 3014 536 3057 eos
559 2994 779 3059 intollerabilia
801 3000 872 3071 sint,
895 3009 928 3058 et
948 3019 1030 3079 quae
1053 3019 1113 3061 nos
1128 3002 1234 3081 gravia
1257 2998 1441 3071 iudicamus
1464 3017 1502 3058 ea
1525 2998 1583 3076 ipsi
1600 3015 1640 3056 ne

190 3098 297 3160 leviter
320 3099 452 3179 quidem
474 3099 637 3178 punienda
667 3113 826 3163 censeant.
866 3102 951 3164 Nam
974 3103 1122 3166 ecclesias
1153 3103 1323 3177 destruere,
1355 3102 1460 3164 delere
1489 3102 1640 3183 imagines

190 3214 384 3274 sanctorum,
416 3202 467 3265 die
490 3215 648 3283 nocteque
671 3207 703 3265 in
725 3208 891 3287 cauponiis
919 3210 1034 3268 versari
1063 3208 1298 3287 quottidianum
1331 3206 1417 3285 apud
1441 3226 1498 3267 eos
1521 3214 1584 3280 est;
1608 3216 1640 3266 at

190 3306 298 3369 calceo
329 3319 466 3370 rostrato
491 3310 544 3382 uti,
567 3308 703 3369 redimiri
738 3312 829 3371 sertis
852 3321 883 3371 et
906 3311 1057 3391 pleraque
1081 3312 1111 3372 id
1142 3331 1244 3394 genus
1267 3311 1416 3391 nepharia
1446 3320 1605 3388 putantur.
1616 3304 1642 3390 ⁶)

277 3409 400 3472 Karolo
424 3424 575 3494 regnante
598 3413 832 3475 nobilissimum
855 3414 1048 3476 Germaniae
1070 3417 1250 3493 emporium
1274 3414 1373 3496 Praga
1396 3414 1451 3476 luit
1475 3423 1506 3474 et
1522 3431 1642 3473 nomen

190 3518 259 3576 eius
290 3516 320 3576 in
345 3518 433 3576 omni
455 3515 585 3594 Europa
615 3517 844 3579 celebrabatur.
883 3519 1033 3580 Florebat
1064 3519 1240 3580 liberalium
1271 3519 1385 3579 artium
1416 3516 1503 3579 scola
1533 3520 1564 3577 in
1594 3536 1640 3589 ea,

190 3619 350 3680 coenobia
373 3623 528 3702 virginum
552 3622 851 3702 monachorumque
873 3625 1083 3705 erigebantur,
1115 3627 1260 3684 omnium
1284 3622 1432 3684 ordinum
1455 3631 1552 3701 atque
1576 3620 1643 3680 reli-

190 3726 323 3805 gionum
348 3725 457 3786 fratres
481 3744 538 3787 sua
561 3727 633 3788 loca
655 3727 827 3795 habebant,
857 3747 955 3807 quam
979 3730 1125 3789 civitam
1150 3730 1317 3809 peregrino
1342 3729 1390 3789 ius
1412 3745 1506 3787 suum
1530 3723 1643 3785 redde-

189 3829 290 3889 batur.
315 3827 437 3890 Karolo
454 3839 563 3890 autem
578 3841 707 3891 mortuo
730 3850 802 3891 eum
819 3830 1017 3893 Venceslaus
1041 3832 1122 3893 filius
1138 3851 1237 3913 regno
1253 3840 1423 3909 praeesset,
1446 3848 1512 3889 non
1535 3827 1640 3890 solum

191 3932 367 4014 Pragenses
389 3931 447 3993 sed
471 3936 569 3995 totius
588 3936 769 4012 provinciae
784 3946 885 3996 status
902 3946 1041 3997 mutatus
1057 3947 1089 3997 et
1104 3937 1313 3996 conturbatus
1328 3943 1385 3994 est.
1408 3933 1643 3994 Pullulaverunt

191 4038 377 4097 innumerae
400 4040 650 4116 superstitiones,
674 4058 810 4117 quarum
826 4042 967 4100 maxima
983 4042 1113 4122 vestigia
1136 4039 1240 4102 adhuc
1262 4048 1398 4100 exstant.
1422 4036 1537 4115 Zyika,
1553 4037 1643 4096 euius

191 4160 289 4219 supra
320 4143 518 4202 mentionem
548 4142 688 4216 lecimus,
719 4145 838 4220 passim
869 4143 1004 4221 praedas
1035 4145 1191 4225 agitabat,
1226 4143 1483 4214 Thaboritar'um,
1518 4138 1643 4218 Orpha-

192 4263 309 4304 norum
332 4242 602 4326 Orebitarumque
625 4249 783 4307 exercitus
807 4249 915 4307 omnia
938 4248 1021 4307 ferro
1045 4259 1142 4326 atque
1166 4250 1238 4329 igne
1254 4248 1438 4320 vastabant;
1461 4243 1644 4306 sacerdotes

192 4350 301 4430 magni
325 4347 385 4409 Dei
408 4350 522 4428 partim
547 4351 723 4432 agebantur
739 4353 768 4410 in
786 4351 924 4424 exilium,
948 4353 1062 4429 partim
1078 4352 1244 4430 exquisitis
1260 4350 1421 4430 suppliciis
1438 4350 1642 4412 necabantur.

193 4451 432 4530 Diripiebantur
445 4451 470 4534 ⁶)
501 4454 631 4533 praedia
660 4454 872 4515 ecclesiastica
895 4465 926 4515 et
957 4455 998 4515 ab
1022 4474 1228 4534 unoquoque,
1264 4466 1429 4534 tamquam
1464 4457 1494 4514 in
1529 4452 1644 4515 nullius

193 4557 288 4618 bonis
311 4567 426 4630 essent,
449 4558 698 4636 occupabantur.
736 4559 855 4640 Regiae
886 4578 1016 4638 quoque
1046 4561 1250 4637 possesiones
1280 4570 1311 4620 et
1333 4559 1497 4641 vectigalia
1527 4557 1644 4618 eodem

194 4660 299 4721 furore
321 4659 363 4722 ad
386 4663 524 4739 privatas
548 4681 662 4724 manus
685 4662 888 4723 devenerunt.
913 4662 1013 4724 lllulta
1036 4663 1188 4725 adversus
1211 4663 1290 4724 haec
1317 4663 1400 4723 mala
1422 4661 1644 4743 Sigismundus

193 4761 412 4843 Albertusque
435 4784 527 4847 reges
551 4768 649 4827 nostri
669 4777 879 4841 tentaverunt,
902 4767 959 4829 sed
984 4787 1095 4829 eorum
1120 4788 1234 4829 omnes
1257 4778 1391 4827 conatus
1414 4767 1487 4825 irriti
1510 4765 1643 4826 fuerunt.

194 4866 311 4948 Neque
335 4867 504 4930 ladislaus
526 4867 650 4930 Alberti
681 4869 763 4930 filius
787 4870 990 4932 orthodoxae
1021 4872 1094 4933 fidei
1122 4872 1286 4934 defuturus
1314 4869 1508 4942 credebatur,
1531 4871 1590 4930 nisi
1614 4871 1644 4931 in

193 4973 264 5050 ipso
288 4974 401 5033 aetatis
432 4971 509 5034 flore
539 4992 671 5047 venenu,
703 4985 737 5034 ut
760 4974 936 5054 perhibent,
967 4978 1125 5037 extinctus
1156 4986 1246 5037 esset.
1284 4975 1433 5056 Regnum
1463 4972 1580 5034 deinde
1603 4973 1644 5033 ad

285 5212 305 5279 ⁵)
325 5213 367 5266 Pr.
386 5212 589 5281 permittuntur.

285 5300 306 5367 ⁶)
326 5301 369 5353 Pr.
389 5298 570 5368 Diripiebant.
