<?xml version="1.0" encoding="UTF-8"?>
<!DOCTYPE html PUBLIC "-//W3C//DTD XHTML 1.0 Transitional//EN"
    "http://www.w3.org/TR/xhtml1/DTD/xhtml1-transitional.dtd">
<html xmlns="http://www.w3.org/1999/xhtml" xml:lang="en" lang="en">
 <head>
  <title>
</title>
<meta http-equiv="Content-Type" content="text/html;charset=utf-8" />
  <meta name='ocr-system' content='tesseract 3.04.00' />
  <meta name='ocr-capabilities' content='ocr_page ocr_carea ocr_par ocr_line ocrx_word'/>
</head>
<body>
  <div class='ocr_page' id='page_1' title='image "./listbohuslavaha00truhgoog_0213.png"; bbox 0 0 3660 5850; ppageno 0'>
   <div class='ocr_carea' id='block_1_1' title="bbox 278 328 1046 391">
    <p class='ocr_par' dir='ltr' id='par_1_1' title="bbox 278 328 1046 391">
     <span class='ocr_line' id='line_1_1' title="bbox 278 328 1046 391; baseline 0.01 -11"><span class='ocrx_word' id='word_1_1' title='bbox 278 328 329 381; x_wconf 84' lang='lat'>194</span> <span class='ocrx_word' id='word_1_2' title='bbox 953 330 1046 391; x_wconf 80' lang='lat'><strong>1509.</strong></span> 
     </span>
    </p>
   </div>
   <div class='ocr_carea' id='block_1_2' title="bbox 265 541 1737 5315">
    <p class='ocr_par' dir='ltr' id='par_1_2' title="bbox 265 541 1737 5315">
     <span class='ocr_line' id='line_1_2' title="bbox 277 541 1737 625; baseline 0 -22"><span class='ocrx_word' id='word_1_3' title='bbox 277 562 360 623; x_wconf 91' lang='lat' dir='ltr'>pene</span> <span class='ocrx_word' id='word_1_4' title='bbox 382 544 472 604; x_wconf 92' lang='lat' dir='ltr'>annis</span> <span class='ocrx_word' id='word_1_5' title='bbox 496 544 543 604; x_wconf 91' lang='lat' dir='ltr'>usi</span> <span class='ocrx_word' id='word_1_6' title='bbox 564 555 647 618; x_wconf 89' lang='lat' dir='ltr'>sunt,</span> <span class='ocrx_word' id='word_1_7' title='bbox 670 543 742 604; x_wconf 93' lang='lat' dir='ltr'>nihil</span> <span class='ocrx_word' id='word_1_8' title='bbox 767 544 808 605; x_wconf 91' lang='lat' dir='ltr'>ad</span> <span class='ocrx_word' id='word_1_9' title='bbox 832 555 864 605; x_wconf 93' lang='lat' dir='ltr'>te</span> <span class='ocrx_word' id='word_1_10' title='bbox 879 544 1017 606; x_wconf 90' lang='lat' dir='ltr'>scribere</span> <span class='ocrx_word' id='word_1_11' title='bbox 1040 563 1183 625; x_wconf 90' lang='lat' dir='ltr'>possum.</span> <span class='ocrx_word' id='word_1_12' title='bbox 1207 543 1294 624; x_wconf 81' lang='lat' dir='ltr'>Quid</span> <span class='ocrx_word' id='word_1_13' title='bbox 1316 545 1400 607; x_wconf 92' lang='lat' dir='ltr'>enim</span> <span class='ocrx_word' id='word_1_14' title='bbox 1422 547 1492 624; x_wconf 87' lang='lat' dir='ltr'>ipse</span> <span class='ocrx_word' id='word_1_15' title='bbox 1511 546 1543 606; x_wconf 93' lang='lat' dir='ltr'>in</span> <span class='ocrx_word' id='word_1_16' title='bbox 1559 543 1608 606; x_wconf 90' lang='lat' dir='ltr'>his</span> <span class='ocrx_word' id='word_1_17' title='bbox 1623 541 1737 622; x_wconf 89' lang='lat' dir='ltr'>sapio?</span> 
     </span>
     <span class='ocr_line' id='line_1_3' title="bbox 278 646 1736 730; baseline -0.001 -22"><span class='ocrx_word' id='word_1_18' title='bbox 278 646 373 708; x_wconf 92' lang='lat' dir='ltr'>Plena</span> <span class='ocrx_word' id='word_1_19' title='bbox 396 657 480 709; x_wconf 91' lang='lat' dir='ltr'>certe</span> <span class='ocrx_word' id='word_1_20' title='bbox 509 659 557 710; x_wconf 90' lang='lat' dir='ltr'>est</span> <span class='ocrx_word' id='word_1_21' title='bbox 588 647 840 730; x_wconf 83' lang='lat' dir='ltr'>praegrandibus</span> <span class='ocrx_word' id='word_1_22' title='bbox 862 648 1003 729; x_wconf 82' lang='lat' dir='ltr'>saphiris,</span> <span class='ocrx_word' id='word_1_23' title='bbox 1035 649 1222 727; x_wconf 70' lang='lat' dir='ltr'>hyacinthis</span> <span class='ocrx_word' id='word_1_24' title='bbox 1255 650 1375 711; x_wconf 90' lang='lat' dir='ltr'>rubinis</span> <span class='ocrx_word' id='word_1_25' title='bbox 1396 648 1635 727; x_wconf 92' lang='lat' dir='ltr'>unionibusque</span> <span class='ocrx_word' id='word_1_26' title='bbox 1659 656 1694 708; x_wconf 91' lang='lat' dir='ltr'>et</span> <span class='ocrx_word' id='word_1_27' title='bbox 1716 667 1736 707; x_wconf 91' lang='lat' dir='ltr'>a</span> 
     </span>
     <span class='ocr_line' id='line_1_4' title="bbox 278 752 1736 833; baseline 0.001 -23"><span class='ocrx_word' id='word_1_28' title='bbox 278 753 393 813; x_wconf 88' lang='lat' dir='ltr'>nostris</span> <span class='ocrx_word' id='word_1_29' title='bbox 417 753 574 813; x_wconf 92' lang='lat' dir='ltr'>immenso</span> <span class='ocrx_word' id='word_1_30' title='bbox 591 754 776 814; x_wconf 90' lang='lat' dir='ltr'>aestimatur</span> <span class='ocrx_word' id='word_1_31' title='bbox 792 754 915 832; x_wconf 92' lang='lat' dir='ltr'>precio:</span> <span class='ocrx_word' id='word_1_32' title='bbox 938 755 982 815; x_wconf 93' lang='lat' dir='ltr'>ita</span> <span class='ocrx_word' id='word_1_33' title='bbox 1004 755 1091 814; x_wconf 90' lang='lat' dir='ltr'>enim</span> <span class='ocrx_word' id='word_1_34' title='bbox 1109 752 1298 833; x_wconf 92' lang='lat' dir='ltr'>plerumque</span> <span class='ocrx_word' id='word_1_35' title='bbox 1320 754 1434 826; x_wconf 89' lang='lat' dir='ltr'>evenit,</span> <span class='ocrx_word' id='word_1_36' title='bbox 1456 764 1492 814; x_wconf 91' lang='lat' dir='ltr'>ut</span> <span class='ocrx_word' id='word_1_37' title='bbox 1508 752 1736 830; x_wconf 91' lang='lat' dir='ltr'>unusquisque</span> 
     </span>
     <span class='ocr_line' id='line_1_5' title="bbox 277 853 1735 919; baseline 0.001 -4"><span class='ocrx_word' id='word_1_38' title='bbox 277 874 334 916; x_wconf 92' lang='lat' dir='ltr'>sua</span> <span class='ocrx_word' id='word_1_39' title='bbox 356 855 463 917; x_wconf 90' lang='lat' dir='ltr'>laudet</span> <span class='ocrx_word' id='word_1_40' title='bbox 487 867 518 917; x_wconf 92' lang='lat' dir='ltr'>et</span> <span class='ocrx_word' id='word_1_41' title='bbox 541 856 721 917; x_wconf 78' lang='lat' dir='ltr'>admiretur.</span> <span class='ocrx_word' id='word_1_42' title='bbox 753 856 830 916; x_wconf 94' lang='lat' dir='ltr'>Vidi</span> <span class='ocrx_word' id='word_1_43' title='bbox 852 859 950 918; x_wconf 89' lang='lat' dir='ltr'>etiam</span> <span class='ocrx_word' id='word_1_44' title='bbox 973 856 1054 919; x_wconf 91' lang='lat' dir='ltr'>ultra</span> <span class='ocrx_word' id='word_1_45' title='bbox 1079 858 1138 919; x_wconf 92' lang='lat' dir='ltr'>ista</span> <span class='ocrx_word' id='word_1_46' title='bbox 1163 854 1337 919; x_wconf 89' lang='lat' dir='ltr'>Salvatoris</span> <span class='ocrx_word' id='word_1_47' title='bbox 1360 857 1460 918; x_wconf 86' lang='lat' dir='ltr'>nostri</span> <span class='ocrx_word' id='word_1_48' title='bbox 1490 856 1604 918; x_wconf 88' lang='lat' dir='ltr'>faciem</span> <span class='ocrx_word' id='word_1_49' title='bbox 1627 853 1735 916; x_wconf 90' lang='lat' dir='ltr'>Vero-</span> 
     </span>
     <span class='ocr_line' id='line_1_6' title="bbox 276 959 1733 1043; baseline 0.001 -24"><span class='ocrx_word' id='word_1_50' title='bbox 276 962 366 1020; x_wconf 87' lang='lat' dir='ltr'>nicae</span> <span class='ocrx_word' id='word_1_51' title='bbox 389 959 506 1031; x_wconf 90' lang='lat' dir='ltr'>datam,</span> <span class='ocrx_word' id='word_1_52' title='bbox 529 980 626 1040; x_wconf 88' lang='lat' dir='ltr'>quam</span> <span class='ocrx_word' id='word_1_53' title='bbox 650 970 682 1021; x_wconf 90' lang='lat' dir='ltr'>et</span> <span class='ocrx_word' id='word_1_54' title='bbox 705 980 854 1041; x_wconf 80' lang='lat' dir='ltr'>proceres</span> <span class='ocrx_word' id='word_1_55' title='bbox 876 972 909 1021; x_wconf 91' lang='lat' dir='ltr'>et</span> <span class='ocrx_word' id='word_1_56' title='bbox 931 959 1043 1043; x_wconf 90' lang='lat' dir='ltr'>vulgus</span> <span class='ocrx_word' id='word_1_57' title='bbox 1057 961 1226 1023; x_wconf 85' lang='lat' dir='ltr'>Romanae</span> <span class='ocrx_word' id='word_1_58' title='bbox 1249 960 1437 1022; x_wconf 90' lang='lat' dir='ltr'>anteferunt.</span> <span class='ocrx_word' id='word_1_59' title='bbox 1459 959 1601 1041; x_wconf 85' lang='lat' dir='ltr'>Fiugunt</span> <span class='ocrx_word' id='word_1_60' title='bbox 1620 969 1733 1020; x_wconf 90' lang='lat' dir='ltr'>autem</span> 
     </span>
     <span class='ocr_line' id='line_1_7' title="bbox 277 1062 1734 1145; baseline -0.001 -20"><span class='ocrx_word' id='word_1_61' title='bbox 277 1063 373 1125; x_wconf 91' lang='lat' dir='ltr'>talem</span> <span class='ocrx_word' id='word_1_62' title='bbox 404 1064 559 1125; x_wconf 90' lang='lat' dir='ltr'>fabulam:</span> <span class='ocrx_word' id='word_1_63' title='bbox 590 1062 740 1125; x_wconf 83' lang='lat' dir='ltr'>Carolum</span> <span class='ocrx_word' id='word_1_64' title='bbox 770 1067 997 1143; x_wconf 87' lang='lat' dir='ltr'>imperatorem</span> <span class='ocrx_word' id='word_1_65' title='bbox 1026 1066 1094 1126; x_wconf 92' lang='lat' dir='ltr'>eius</span> <span class='ocrx_word' id='word_1_66' title='bbox 1124 1067 1254 1127; x_wconf 90' lang='lat' dir='ltr'>nomine</span> <span class='ocrx_word' id='word_1_67' title='bbox 1282 1075 1438 1145; x_wconf 89' lang='lat' dir='ltr'>quartum,</span> <span class='ocrx_word' id='word_1_68' title='bbox 1468 1065 1524 1144; x_wconf 92' lang='lat' dir='ltr'>qui</span> <span class='ocrx_word' id='word_1_69' title='bbox 1551 1062 1640 1144; x_wconf 91' lang='lat' dir='ltr'>apud</span> <span class='ocrx_word' id='word_1_70' title='bbox 1672 1081 1734 1125; x_wconf 89' lang='lat' dir='ltr'>nos</span> 
     </span>
     <span class='ocr_line' id='line_1_8' title="bbox 277 1167 1734 1248; baseline -0.001 -20"><span class='ocrx_word' id='word_1_71' title='bbox 277 1186 408 1247; x_wconf 90' lang='lat' dir='ltr'>quoque</span> <span class='ocrx_word' id='word_1_72' title='bbox 430 1169 580 1248; x_wconf 85' lang='lat' dir='ltr'>regnavit,</span> <span class='ocrx_word' id='word_1_73' title='bbox 603 1167 729 1229; x_wconf 89' lang='lat' dir='ltr'>Romae</span> <span class='ocrx_word' id='word_1_74' title='bbox 752 1168 847 1230; x_wconf 90' lang='lat' dir='ltr'>fuisse</span> <span class='ocrx_word' id='word_1_75' title='bbox 870 1169 1121 1248; x_wconf 91' lang='lat' dir='ltr'>impetrasseque</span> <span class='ocrx_word' id='word_1_76' title='bbox 1136 1170 1179 1230; x_wconf 88' lang='lat' dir='ltr'>ab</span> <span class='ocrx_word' id='word_1_77' title='bbox 1195 1167 1330 1231; x_wconf 90' lang='lat' dir='ltr'>Urbano</span> <span class='ocrx_word' id='word_1_78' title='bbox 1352 1170 1465 1248; x_wconf 91' lang='lat' dir='ltr'>quinto</span> <span class='ocrx_word' id='word_1_79' title='bbox 1489 1168 1642 1246; x_wconf 90' lang='lat' dir='ltr'>pontifice</span> <span class='ocrx_word' id='word_1_80' title='bbox 1666 1186 1734 1227; x_wconf 90' lang='lat' dir='ltr'>ma-</span> 
     </span>
     <span class='ocr_line' id='line_1_9' title="bbox 278 1270 1733 1355; baseline -0.001 -23"><span class='ocrx_word' id='word_1_81' title='bbox 278 1273 376 1346; x_wconf 81' lang='lat' dir='ltr'>xime,</span> <span class='ocrx_word' id='word_1_82' title='bbox 400 1283 434 1334; x_wconf 92' lang='lat' dir='ltr'>ut</span> <span class='ocrx_word' id='word_1_83' title='bbox 450 1272 595 1334; x_wconf 89' lang='lat' dir='ltr'>eiusdem</span> <span class='ocrx_word' id='word_1_84' title='bbox 618 1273 765 1355; x_wconf 84' lang='lat' dir='ltr'>imaginis</span> <span class='ocrx_word' id='word_1_85' title='bbox 788 1271 1057 1352; x_wconf 87' lang='lat' dir='ltr'>contemplandae</span> <span class='ocrx_word' id='word_1_86' title='bbox 1083 1283 1227 1352; x_wconf 89' lang='lat' dir='ltr'>potestas</span> <span class='ocrx_word' id='word_1_87' title='bbox 1250 1273 1308 1335; x_wconf 90' lang='lat' dir='ltr'>sibi</span> <span class='ocrx_word' id='word_1_88' title='bbox 1324 1291 1381 1352; x_wconf 91' lang='lat' dir='ltr'>per</span> <span class='ocrx_word' id='word_1_89' title='bbox 1402 1272 1524 1352; x_wconf 89' lang='lat' dir='ltr'>aliquot</span> <span class='ocrx_word' id='word_1_90' title='bbox 1546 1272 1615 1333; x_wconf 92' lang='lat' dir='ltr'>dies</span> <span class='ocrx_word' id='word_1_91' title='bbox 1632 1270 1733 1344; x_wconf 85' lang='lat' dir='ltr'>fieret,</span> 
     </span>
     <span class='ocr_line' id='line_1_10' title="bbox 277 1375 1734 1457; baseline -0.001 -20"><span class='ocrx_word' id='word_1_92' title='bbox 277 1395 380 1456; x_wconf 88' lang='lat' dir='ltr'>eaque</span> <span class='ocrx_word' id='word_1_93' title='bbox 403 1396 497 1438; x_wconf 90' lang='lat' dir='ltr'>usum</span> <span class='ocrx_word' id='word_1_94' title='bbox 520 1380 688 1439; x_wconf 91' lang='lat' dir='ltr'>occasione</span> <span class='ocrx_word' id='word_1_95' title='bbox 719 1379 848 1439; x_wconf 89' lang='lat' dir='ltr'>iussisse</span> <span class='ocrx_word' id='word_1_96' title='bbox 870 1376 1033 1456; x_wconf 88' lang='lat' dir='ltr'>quendam</span> <span class='ocrx_word' id='word_1_97' title='bbox 1056 1396 1099 1438; x_wconf 89' lang='lat' dir='ltr'>ex</span> <span class='ocrx_word' id='word_1_98' title='bbox 1122 1379 1187 1439; x_wconf 89' lang='lat' dir='ltr'>suis</span> <span class='ocrx_word' id='word_1_99' title='bbox 1209 1378 1383 1457; x_wconf 90' lang='lat' dir='ltr'>pictoribus</span> <span class='ocrx_word' id='word_1_100' title='bbox 1409 1375 1451 1438; x_wconf 93' lang='lat' dir='ltr'>ad</span> <span class='ocrx_word' id='word_1_101' title='bbox 1473 1375 1641 1456; x_wconf 89' lang='lat' dir='ltr'>exemplar</span> <span class='ocrx_word' id='word_1_102' title='bbox 1664 1377 1734 1437; x_wconf 87' lang='lat' dir='ltr'>eius</span> 
     </span>
     <span class='ocr_line' id='line_1_11' title="bbox 276 1478 1734 1564; baseline -0.001 -23"><span class='ocrx_word' id='word_1_103' title='bbox 276 1481 371 1542; x_wconf 87' lang='lat' dir='ltr'>aliam</span> <span class='ocrx_word' id='word_1_104' title='bbox 394 1481 531 1564; x_wconf 83' lang='lat' dir='ltr'>pingere,</span> <span class='ocrx_word' id='word_1_105' title='bbox 555 1493 587 1542; x_wconf 91' lang='lat' dir='ltr'>et</span> <span class='ocrx_word' id='word_1_106' title='bbox 610 1480 821 1544; x_wconf 88' lang='lat' dir='ltr'>adulterinam</span> <span class='ocrx_word' id='word_1_107' title='bbox 845 1481 975 1560; x_wconf 91' lang='lat' dir='ltr'>quidem</span> <span class='ocrx_word' id='word_1_108' title='bbox 992 1480 1127 1544; x_wconf 93' lang='lat' dir='ltr'>Urbano</span> <span class='ocrx_word' id='word_1_109' title='bbox 1151 1483 1332 1557; x_wconf 88' lang='lat' dir='ltr'>restituisse,</span> <span class='ocrx_word' id='word_1_110' title='bbox 1356 1499 1463 1542; x_wconf 89' lang='lat' dir='ltr'>veram</span> <span class='ocrx_word' id='word_1_111' title='bbox 1485 1491 1596 1542; x_wconf 88' lang='lat' dir='ltr'>autem</span> <span class='ocrx_word' id='word_1_112' title='bbox 1611 1478 1656 1540; x_wconf 95' lang='lat' dir='ltr'>ad</span> <span class='ocrx_word' id='word_1_113' title='bbox 1672 1498 1734 1541; x_wconf 91' lang='lat' dir='ltr'>nos</span> 
     </span>
     <span class='ocr_line' id='line_1_12' title="bbox 275 1583 1734 1667; baseline 0 -23"><span class='ocrx_word' id='word_1_114' title='bbox 275 1583 482 1659; x_wconf 89' lang='lat' dir='ltr'>transtulisse;</span> <span class='ocrx_word' id='word_1_115' title='bbox 506 1587 657 1664; x_wconf 89' lang='lat' dir='ltr'>aiuntque</span> <span class='ocrx_word' id='word_1_116' title='bbox 679 1596 790 1647; x_wconf 87' lang='lat' dir='ltr'>extare</span> <span class='ocrx_word' id='word_1_117' title='bbox 806 1584 910 1647; x_wconf 88' lang='lat' dir='ltr'>literas</span> <span class='ocrx_word' id='word_1_118' title='bbox 933 1605 1031 1648; x_wconf 91' lang='lat' dir='ltr'>aureo</span> <span class='ocrx_word' id='word_1_119' title='bbox 1054 1583 1160 1647; x_wconf 91' lang='lat' dir='ltr'>Caroli</span> <span class='ocrx_word' id='word_1_120' title='bbox 1183 1584 1284 1667; x_wconf 87' lang='lat' dir='ltr'>sigillo</span> <span class='ocrx_word' id='word_1_121' title='bbox 1303 1587 1451 1660; x_wconf 89' lang='lat' dir='ltr'>munitas,</span> <span class='ocrx_word' id='word_1_122' title='bbox 1473 1585 1591 1664; x_wconf 88' lang='lat' dir='ltr'>quibus</span> <span class='ocrx_word' id='word_1_123' title='bbox 1614 1583 1647 1646; x_wconf 96' lang='lat' dir='ltr'>id</span> <span class='ocrx_word' id='word_1_124' title='bbox 1664 1603 1734 1645; x_wconf 90' lang='lat' dir='ltr'>cor-</span> 
     </span>
     <span class='ocr_line' id='line_1_13' title="bbox 275 1687 1734 1772; baseline 0 -23"><span class='ocrx_word' id='word_1_125' title='bbox 275 1689 425 1750; x_wconf 84' lang='lat' dir='ltr'>firmatur.</span> <span class='ocrx_word' id='word_1_126' title='bbox 449 1687 503 1749; x_wconf 90' lang='lat' dir='ltr'>Me</span> <span class='ocrx_word' id='word_1_127' title='bbox 525 1709 601 1750; x_wconf 89' lang='lat' dir='ltr'>vero</span> <span class='ocrx_word' id='word_1_128' title='bbox 625 1688 700 1750; x_wconf 92' lang='lat' dir='ltr'>nihil</span> <span class='ocrx_word' id='word_1_129' title='bbox 723 1689 836 1750; x_wconf 93' lang='lat' dir='ltr'>horum</span> <span class='ocrx_word' id='word_1_130' title='bbox 860 1702 976 1764; x_wconf 88' lang='lat' dir='ltr'>movet,</span> <span class='ocrx_word' id='word_1_131' title='bbox 1000 1693 1054 1770; x_wconf 88' lang='lat' dir='ltr'>qui</span> <span class='ocrx_word' id='word_1_132' title='bbox 1076 1709 1117 1750; x_wconf 92' lang='lat' dir='ltr'>ne</span> <span class='ocrx_word' id='word_1_133' title='bbox 1139 1689 1307 1752; x_wconf 89' lang='lat' dir='ltr'>Romanae</span> <span class='ocrx_word' id='word_1_134' title='bbox 1329 1689 1461 1772; x_wconf 92' lang='lat' dir='ltr'>quidem</span> <span class='ocrx_word' id='word_1_135' title='bbox 1484 1690 1614 1771; x_wconf 86' lang='lat' dir='ltr'>imagini</span> <span class='ocrx_word' id='word_1_136' title='bbox 1629 1689 1734 1750; x_wconf 93' lang='lat' dir='ltr'>multa</span> 
     </span>
     <span class='ocr_line' id='line_1_14' title="bbox 276 1792 1732 1875; baseline -0.001 -23"><span class='ocrx_word' id='word_1_137' title='bbox 276 1795 391 1868; x_wconf 90' lang='lat' dir='ltr'>tribuo,</span> <span class='ocrx_word' id='word_1_138' title='bbox 414 1805 446 1854; x_wconf 92' lang='lat' dir='ltr'>et</span> <span class='ocrx_word' id='word_1_139' title='bbox 468 1803 612 1855; x_wconf 91' lang='lat' dir='ltr'>sanctam</span> <span class='ocrx_word' id='word_1_140' title='bbox 635 1792 801 1854; x_wconf 91' lang='lat' dir='ltr'>ecclesiam</span> <span class='ocrx_word' id='word_1_141' title='bbox 823 1803 979 1873; x_wconf 92' lang='lat' dir='ltr'>sequutus</span> <span class='ocrx_word' id='word_1_142' title='bbox 1002 1795 1186 1875; x_wconf 91' lang='lat' dir='ltr'>apocrypha</span> <span class='ocrx_word' id='word_1_143' title='bbox 1209 1813 1358 1875; x_wconf 91' lang='lat' dir='ltr'>quaeque</span> <span class='ocrx_word' id='word_1_144' title='bbox 1379 1814 1479 1856; x_wconf 85' lang='lat' dir='ltr'>caveo</span> <span class='ocrx_word' id='word_1_145' title='bbox 1503 1806 1534 1856; x_wconf 90' lang='lat' dir='ltr'>et</span> <span class='ocrx_word' id='word_1_146' title='bbox 1558 1792 1732 1854; x_wconf 88' lang='lat' dir='ltr'>abhorreo.</span> 
     </span>
     <span class='ocr_line' id='line_1_15' title="bbox 278 1896 1734 1979; baseline 0 -21"><span class='ocrx_word' id='word_1_147' title='bbox 278 1897 391 1977; x_wconf 91' lang='lat' dir='ltr'>Neque</span> <span class='ocrx_word' id='word_1_148' title='bbox 414 1899 489 1958; x_wconf 92' lang='lat' dir='ltr'>mihi</span> <span class='ocrx_word' id='word_1_149' title='bbox 520 1896 654 1960; x_wconf 82' lang='lat' dir='ltr'>Carolus</span> <span class='ocrx_word' id='word_1_150' title='bbox 684 1907 738 1958; x_wconf 92' lang='lat' dir='ltr'>aut</span> <span class='ocrx_word' id='word_1_151' title='bbox 768 1897 972 1960; x_wconf 89' lang='lat' dir='ltr'>Innocentius</span> <span class='ocrx_word' id='word_1_152' title='bbox 1002 1901 1113 1961; x_wconf 92' lang='lat' dir='ltr'>tertius</span> <span class='ocrx_word' id='word_1_153' title='bbox 1139 1899 1237 1960; x_wconf 85' lang='lat' dir='ltr'>fidem</span> <span class='ocrx_word' id='word_1_154' title='bbox 1269 1899 1385 1974; x_wconf 91' lang='lat' dir='ltr'>fecerit,</span> <span class='ocrx_word' id='word_1_155' title='bbox 1414 1900 1535 1979; x_wconf 85' lang='lat' dir='ltr'>quippe</span> <span class='ocrx_word' id='word_1_156' title='bbox 1566 1917 1610 1957; x_wconf 87' lang='lat' dir='ltr'>ex</span> <span class='ocrx_word' id='word_1_157' title='bbox 1641 1899 1734 1958; x_wconf 90' lang='lat' dir='ltr'>cuius</span> 
     </span>
     <span class='ocr_line' id='line_1_16' title="bbox 277 2001 1734 2085; baseline 0.001 -23"><span class='ocrx_word' id='word_1_158' title='bbox 277 2003 464 2065; x_wconf 90' lang='lat' dir='ltr'>auctoritate</span> <span class='ocrx_word' id='word_1_159' title='bbox 493 2002 593 2063; x_wconf 89' lang='lat' dir='ltr'>multa</span> <span class='ocrx_word' id='word_1_160' title='bbox 623 2001 748 2063; x_wconf 88' lang='lat' dir='ltr'>Romae</span> <span class='ocrx_word' id='word_1_161' title='bbox 779 2002 1000 2077; x_wconf 92' lang='lat' dir='ltr'>ostenduntur,</span> <span class='ocrx_word' id='word_1_162' title='bbox 1031 2022 1114 2083; x_wconf 93' lang='lat' dir='ltr'>quae</span> <span class='ocrx_word' id='word_1_163' title='bbox 1137 2003 1295 2085; x_wconf 88' lang='lat' dir='ltr'>religionis</span> <span class='ocrx_word' id='word_1_164' title='bbox 1321 2014 1449 2064; x_wconf 88' lang='lat' dir='ltr'>nostrae</span> <span class='ocrx_word' id='word_1_165' title='bbox 1471 2003 1607 2064; x_wconf 91' lang='lat' dir='ltr'>inimicis</span> <span class='ocrx_word' id='word_1_166' title='bbox 1630 2013 1734 2063; x_wconf 90' lang='lat' dir='ltr'>mate·</span> 
     </span>
     <span class='ocr_line' id='line_1_17' title="bbox 277 2106 1735 2188; baseline 0 -22"><span class='ocrx_word' id='word_1_167' title='bbox 277 2109 356 2167; x_wconf 90' lang='lat' dir='ltr'>riam</span> <span class='ocrx_word' id='word_1_168' title='bbox 388 2126 450 2167; x_wconf 95' lang='lat' dir='ltr'>nos</span> <span class='ocrx_word' id='word_1_169' title='bbox 479 2106 627 2168; x_wconf 90' lang='lat' dir='ltr'>irridendi</span> <span class='ocrx_word' id='word_1_170' title='bbox 657 2107 818 2187; x_wconf 91' lang='lat' dir='ltr'>praebent.</span> <span class='ocrx_word' id='word_1_171' title='bbox 857 2106 995 2188; x_wconf 89' lang='lat' dir='ltr'>Magnus</span> <span class='ocrx_word' id='word_1_172' title='bbox 1025 2109 1111 2169; x_wconf 91' lang='lat' dir='ltr'>enim</span> <span class='ocrx_word' id='word_1_173' title='bbox 1140 2109 1187 2168; x_wconf 90' lang='lat' dir='ltr'>vir</span> <span class='ocrx_word' id='word_1_174' title='bbox 1217 2108 1273 2170; x_wconf 95' lang='lat' dir='ltr'>fuit</span> <span class='ocrx_word' id='word_1_175' title='bbox 1302 2126 1408 2188; x_wconf 89' lang='lat' dir='ltr'>neque</span> <span class='ocrx_word' id='word_1_176' title='bbox 1437 2107 1542 2168; x_wconf 91' lang='lat' dir='ltr'>solum</span> <span class='ocrx_word' id='word_1_177' title='bbox 1574 2108 1605 2167; x_wconf 93' lang='lat' dir='ltr'>in</span> <span class='ocrx_word' id='word_1_178' title='bbox 1637 2106 1735 2167; x_wconf 90' lang='lat' dir='ltr'>literis</span> 
     </span>
     <span class='ocr_line' id='line_1_18' title="bbox 276 2210 1733 2294; baseline 0 -22"><span class='ocrx_word' id='word_1_179' title='bbox 276 2215 373 2273; x_wconf 89' lang='lat' dir='ltr'>sacris</span> <span class='ocrx_word' id='word_1_180' title='bbox 395 2212 511 2272; x_wconf 90' lang='lat' dir='ltr'>doctus</span> <span class='ocrx_word' id='word_1_181' title='bbox 533 2223 629 2290; x_wconf 90' lang='lat' dir='ltr'>atque</span> <span class='ocrx_word' id='word_1_182' title='bbox 645 2214 837 2273; x_wconf 86' lang='lat' dir='ltr'>exercitatus</span> <span class='ocrx_word' id='word_1_183' title='bbox 853 2211 910 2273; x_wconf 92' lang='lat' dir='ltr'>sed</span> <span class='ocrx_word' id='word_1_184' title='bbox 927 2214 1023 2273; x_wconf 91' lang='lat' dir='ltr'>etiam</span> <span class='ocrx_word' id='word_1_185' title='bbox 1046 2213 1257 2274; x_wconf 91' lang='lat' dir='ltr'>sanctimonia</span> <span class='ocrx_word' id='word_1_186' title='bbox 1279 2224 1310 2275; x_wconf 92' lang='lat' dir='ltr'>et</span> <span class='ocrx_word' id='word_1_187' title='bbox 1326 2213 1409 2275; x_wconf 89' lang='lat' dir='ltr'>vitae</span> <span class='ocrx_word' id='word_1_188' title='bbox 1423 2213 1603 2294; x_wconf 84' lang='lat' dir='ltr'>integritate</span> <span class='ocrx_word' id='word_1_189' title='bbox 1618 2210 1733 2284; x_wconf 90' lang='lat' dir='ltr'>clarus,</span> 
     </span>
     <span class='ocr_line' id='line_1_19' title="bbox 277 2315 1732 2397; baseline 0.001 -21"><span class='ocrx_word' id='word_1_190' title='bbox 277 2335 386 2377; x_wconf 91' lang='lat' dir='ltr'>verum</span> <span class='ocrx_word' id='word_1_191' title='bbox 409 2317 593 2397; x_wconf 85' lang='lat' dir='ltr'>peregrinae</span> <span class='ocrx_word' id='word_1_192' title='bbox 616 2315 765 2377; x_wconf 89' lang='lat' dir='ltr'>historiae</span> <span class='ocrx_word' id='word_1_193' title='bbox 782 2318 914 2376; x_wconf 92' lang='lat' dir='ltr'>omnino</span> <span class='ocrx_word' id='word_1_194' title='bbox 937 2317 1119 2396; x_wconf 87' lang='lat' dir='ltr'>imperitus:</span> <span class='ocrx_word' id='word_1_195' title='bbox 1142 2316 1229 2378; x_wconf 89' lang='lat' dir='ltr'>unde</span> <span class='ocrx_word' id='word_1_196' title='bbox 1252 2316 1294 2391; x_wconf 86' lang='lat' dir='ltr'>ht,</span> <span class='ocrx_word' id='word_1_197' title='bbox 1318 2327 1353 2380; x_wconf 93' lang='lat' dir='ltr'>ut</span> <span class='ocrx_word' id='word_1_198' title='bbox 1375 2316 1425 2378; x_wconf 84' lang='lat' dir='ltr'>vel</span> <span class='ocrx_word' id='word_1_199' title='bbox 1439 2316 1645 2379; x_wconf 89' lang='lat' dir='ltr'>mediocriter</span> <span class='ocrx_word' id='word_1_200' title='bbox 1660 2334 1732 2378; x_wconf 90' lang='lat' dir='ltr'>eru·</span> 
     </span>
     <span class='ocr_line' id='line_1_20' title="bbox 278 2417 1732 2502; baseline 0 -22"><span class='ocrx_word' id='word_1_201' title='bbox 278 2420 351 2481; x_wconf 92' lang='lat' dir='ltr'>ditis</span> <span class='ocrx_word' id='word_1_202' title='bbox 374 2419 532 2480; x_wconf 90' lang='lat' dir='ltr'>interdurn</span> <span class='ocrx_word' id='word_1_203' title='bbox 563 2421 660 2481; x_wconf 89' lang='lat' dir='ltr'>risum</span> <span class='ocrx_word' id='word_1_204' title='bbox 690 2432 827 2480; x_wconf 87' lang='lat' dir='ltr'>moveat.</span> <span class='ocrx_word' id='word_1_205' title='bbox 861 2417 1045 2502; x_wconf 87' lang='lat' dir='ltr'>Adiungere</span> <span class='ocrx_word' id='word_1_206' title='bbox 1076 2420 1124 2482; x_wconf 92' lang='lat' dir='ltr'>his</span> <span class='ocrx_word' id='word_1_207' title='bbox 1152 2439 1281 2500; x_wconf 87' lang='lat' dir='ltr'>possem</span> <span class='ocrx_word' id='word_1_208' title='bbox 1312 2432 1440 2482; x_wconf 88' lang='lat' dir='ltr'>auratos</span> <span class='ocrx_word' id='word_1_209' title='bbox 1470 2422 1604 2500; x_wconf 86' lang='lat' dir='ltr'>equites,</span> <span class='ocrx_word' id='word_1_210' title='bbox 1635 2419 1732 2481; x_wconf 94' lang='lat' dir='ltr'>ludos</span> 
     </span>
     <span class='ocr_line' id='line_1_21' title="bbox 273 2524 1732 2605; baseline 0 -21"><span class='ocrx_word' id='word_1_211' title='bbox 273 2525 411 2585; x_wconf 89' lang='lat' dir='ltr'>hasticos</span> <span class='ocrx_word' id='word_1_212' title='bbox 434 2535 465 2584; x_wconf 87' lang='lat' dir='ltr'>et</span> <span class='ocrx_word' id='word_1_213' title='bbox 485 2535 608 2585; x_wconf 90' lang='lat' dir='ltr'>caetera</span> <span class='ocrx_word' id='word_1_214' title='bbox 626 2524 769 2586; x_wconf 92' lang='lat' dir='ltr'>militaria</span> <span class='ocrx_word' id='word_1_215' title='bbox 791 2525 963 2585; x_wconf 91' lang='lat' dir='ltr'>certamina</span> <span class='ocrx_word' id='word_1_216' title='bbox 986 2524 1152 2604; x_wconf 90' lang='lat' dir='ltr'>multaque</span> <span class='ocrx_word' id='word_1_217' title='bbox 1168 2525 1236 2600; x_wconf 88' lang='lat' dir='ltr'>alia,</span> <span class='ocrx_word' id='word_1_218' title='bbox 1259 2524 1317 2586; x_wconf 88' lang='lat' dir='ltr'>sed</span> <span class='ocrx_word' id='word_1_219' title='bbox 1333 2527 1485 2605; x_wconf 89' lang='lat' dir='ltr'>quoniam</span> <span class='ocrx_word' id='word_1_220' title='bbox 1509 2543 1548 2585; x_wconf 90' lang='lat' dir='ltr'>ea</span> <span class='ocrx_word' id='word_1_221' title='bbox 1568 2543 1636 2585; x_wconf 93' lang='lat' dir='ltr'>non</span> <span class='ocrx_word' id='word_1_222' title='bbox 1660 2543 1732 2585; x_wconf 90' lang='lat' dir='ltr'>esse</span> 
     </span>
     <span class='ocr_line' id='line_1_22' title="bbox 272 2627 1731 2709; baseline 0.001 -22"><span class='ocrx_word' id='word_1_223' title='bbox 272 2630 316 2689; x_wconf 91' lang='lat' dir='ltr'>tui</span> <span class='ocrx_word' id='word_1_224' title='bbox 340 2628 496 2689; x_wconf 90' lang='lat' dir='ltr'>stomachi</span> <span class='ocrx_word' id='word_1_225' title='bbox 519 2638 607 2690; x_wconf 91' lang='lat' dir='ltr'>certo</span> <span class='ocrx_word' id='word_1_226' title='bbox 630 2630 706 2703; x_wconf 92' lang='lat' dir='ltr'>scio,</span> <span class='ocrx_word' id='word_1_227' title='bbox 730 2628 1010 2707; x_wconf 89' lang='lat' dir='ltr'>praetermittenda</span> <span class='ocrx_word' id='word_1_228' title='bbox 1027 2631 1143 2708; x_wconf 89' lang='lat' dir='ltr'>putavi,</span> <span class='ocrx_word' id='word_1_229' title='bbox 1167 2627 1438 2709; x_wconf 92' lang='lat' dir='ltr'>quandoquidem,</span> <span class='ocrx_word' id='word_1_230' title='bbox 1462 2630 1516 2709; x_wconf 93' lang='lat' dir='ltr'>qui</span> <span class='ocrx_word' id='word_1_231' title='bbox 1532 2641 1607 2690; x_wconf 89' lang='lat' dir='ltr'>tuus</span> <span class='ocrx_word' id='word_1_232' title='bbox 1623 2647 1731 2689; x_wconf 86' lang='lat' dir='ltr'>rerum</span> 
     </span>
     <span class='ocr_line' id='line_1_23' title="bbox 272 2731 1731 2813; baseline 0 -21"><span class='ocrx_word' id='word_1_233' title='bbox 272 2732 482 2793; x_wconf 89' lang='lat' dir='ltr'>humanarum</span> <span class='ocrx_word' id='word_1_234' title='bbox 506 2743 710 2810; x_wconf 84' lang='lat' dir='ltr'>contemptus</span> <span class='ocrx_word' id='word_1_235' title='bbox 733 2743 790 2804; x_wconf 87' lang='lat' dir='ltr'>est,</span> <span class='ocrx_word' id='word_1_236' title='bbox 814 2732 922 2794; x_wconf 80' lang='lat' dir='ltr'>forsan</span> <span class='ocrx_word' id='word_1_237' title='bbox 945 2743 976 2793; x_wconf 88' lang='lat' dir='ltr'>et</span> <span class='ocrx_word' id='word_1_238' title='bbox 992 2732 1079 2806; x_wconf 91' lang='lat' dir='ltr'>haec,</span> <span class='ocrx_word' id='word_1_239' title='bbox 1103 2751 1187 2813; x_wconf 88' lang='lat' dir='ltr'>quae</span> <span class='ocrx_word' id='word_1_240' title='bbox 1202 2735 1321 2813; x_wconf 91' lang='lat' dir='ltr'>scripsi,</span> <span class='ocrx_word' id='word_1_241' title='bbox 1344 2731 1505 2811; x_wconf 87' lang='lat' dir='ltr'>superflua</span> <span class='ocrx_word' id='word_1_242' title='bbox 1519 2734 1591 2794; x_wconf 90' lang='lat' dir='ltr'>sint.</span> <span class='ocrx_word' id='word_1_243' title='bbox 1616 2731 1731 2793; x_wconf 89' lang='lat' dir='ltr'>Habes</span> 
     </span>
     <span class='ocr_line' id='line_1_24' title="bbox 270 2836 1730 2919; baseline 0.001 -23"><span class='ocrx_word' id='word_1_244' title='bbox 270 2856 319 2897; x_wconf 89' lang='lat' dir='ltr'>res</span> <span class='ocrx_word' id='word_1_245' title='bbox 342 2849 468 2898; x_wconf 92' lang='lat' dir='ltr'>nostras</span> <span class='ocrx_word' id='word_1_246' title='bbox 491 2840 631 2918; x_wconf 88' lang='lat' dir='ltr'>signatas</span> <span class='ocrx_word' id='word_1_247' title='bbox 654 2840 755 2919; x_wconf 91' lang='lat' dir='ltr'>magis</span> <span class='ocrx_word' id='word_1_248' title='bbox 777 2856 876 2916; x_wconf 91' lang='lat' dir='ltr'>quam</span> <span class='ocrx_word' id='word_1_249' title='bbox 899 2836 1088 2916; x_wconf 87' lang='lat' dir='ltr'>explicatas:</span> <span class='ocrx_word' id='word_1_250' title='bbox 1113 2856 1198 2898; x_wconf 93' lang='lat' dir='ltr'>nunc</span> <span class='ocrx_word' id='word_1_251' title='bbox 1214 2839 1386 2917; x_wconf 90' lang='lat' dir='ltr'>postremis</span> <span class='ocrx_word' id='word_1_252' title='bbox 1407 2836 1502 2899; x_wconf 91' lang='lat' dir='ltr'>literis</span> <span class='ocrx_word' id='word_1_253' title='bbox 1518 2838 1582 2898; x_wconf 88' lang='lat' dir='ltr'>tuis</span> <span class='ocrx_word' id='word_1_254' title='bbox 1597 2855 1730 2917; x_wconf 92' lang='lat' dir='ltr'>respon-</span> 
     </span>
     <span class='ocr_line' id='line_1_25' title="bbox 270 2939 1731 3022; baseline 0.001 -21"><span class='ocrx_word' id='word_1_255' title='bbox 270 2939 364 3015; x_wconf 93' lang='lat' dir='ltr'>deb0,</span> <span class='ocrx_word' id='word_1_256' title='bbox 388 2941 504 3020; x_wconf 92' lang='lat' dir='ltr'>quibus</span> <span class='ocrx_word' id='word_1_257' title='bbox 527 2942 636 3004; x_wconf 90' lang='lat' dir='ltr'>scribis</span> <span class='ocrx_word' id='word_1_258' title='bbox 659 2952 691 3002; x_wconf 94' lang='lat' dir='ltr'>te</span> <span class='ocrx_word' id='word_1_259' title='bbox 714 2941 788 3001; x_wconf 95' lang='lat' dir='ltr'>mihi</span> <span class='ocrx_word' id='word_1_260' title='bbox 812 2942 972 3021; x_wconf 91' lang='lat' dir='ltr'>quosdam</span> <span class='ocrx_word' id='word_1_261' title='bbox 994 2940 1092 3003; x_wconf 89' lang='lat' dir='ltr'>libros</span> <span class='ocrx_word' id='word_1_262' title='bbox 1115 2943 1241 3004; x_wconf 87' lang='lat' dir='ltr'>mittere</span> <span class='ocrx_word' id='word_1_263' title='bbox 1263 2960 1466 3022; x_wconf 88' lang='lat' dir='ltr'>excusasque</span> <span class='ocrx_word' id='word_1_264' title='bbox 1489 2940 1598 3002; x_wconf 91' lang='lat' dir='ltr'>multis</span> <span class='ocrx_word' id='word_1_265' title='bbox 1613 2941 1731 3015; x_wconf 89' lang='lat' dir='ltr'>verbis,</span> 
     </span>
     <span class='ocr_line' id='line_1_26' title="bbox 270 3045 1730 3127; baseline 0 -21"><span class='ocrx_word' id='word_1_266' title='bbox 270 3045 359 3124; x_wconf 91' lang='lat' dir='ltr'>quod</span> <span class='ocrx_word' id='word_1_267' title='bbox 382 3045 542 3107; x_wconf 91' lang='lat' dir='ltr'>interdum</span> <span class='ocrx_word' id='word_1_268' title='bbox 557 3053 687 3107; x_wconf 76' lang='lat' dir='ltr'>coemas</span> <span class='ocrx_word' id='word_1_269' title='bbox 703 3045 845 3107; x_wconf 89' lang='lat' dir='ltr'>eosdem.</span> <span class='ocrx_word' id='word_1_270' title='bbox 868 3046 940 3127; x_wconf 86' lang='lat' dir='ltr'>Ego</span> <span class='ocrx_word' id='word_1_271' title='bbox 956 3065 1040 3120; x_wconf 88' lang='lat' dir='ltr'>ver0,</span> <span class='ocrx_word' id='word_1_272' title='bbox 1065 3047 1107 3107; x_wconf 92' lang='lat' dir='ltr'>mi</span> <span class='ocrx_word' id='word_1_273' title='bbox 1122 3045 1315 3119; x_wconf 89' lang='lat' dir='ltr'>Bemharde,</span> <span class='ocrx_word' id='word_1_274' title='bbox 1338 3045 1475 3108; x_wconf 90' lang='lat' dir='ltr'>alterum</span> <span class='ocrx_word' id='word_1_275' title='bbox 1489 3045 1606 3107; x_wconf 90' lang='lat' dir='ltr'>horum</span> <span class='ocrx_word' id='word_1_276' title='bbox 1631 3045 1730 3106; x_wconf 77' lang='lat' dir='ltr'>bene</span> 
     </span>
     <span class='ocr_line' id='line_1_27' title="bbox 269 3148 1730 3231; baseline 0.001 -23"><span class='ocrx_word' id='word_1_277' title='bbox 269 3149 329 3211; x_wconf 90' lang='lat' dir='ltr'>ficii</span> <span class='ocrx_word' id='word_1_278' title='bbox 352 3149 423 3211; x_wconf 92' lang='lat' dir='ltr'>loco</span> <span class='ocrx_word' id='word_1_279' title='bbox 447 3152 577 3229; x_wconf 89' lang='lat' dir='ltr'>accipio,</span> <span class='ocrx_word' id='word_1_280' title='bbox 604 3151 738 3213; x_wconf 91' lang='lat' dir='ltr'>alterum</span> <span class='ocrx_word' id='word_1_281' title='bbox 762 3149 945 3212; x_wconf 90' lang='lat' dir='ltr'>huiusmodi</span> <span class='ocrx_word' id='word_1_282' title='bbox 968 3160 1026 3224; x_wconf 92' lang='lat' dir='ltr'>est,</span> <span class='ocrx_word' id='word_1_283' title='bbox 1056 3160 1091 3212; x_wconf 93' lang='lat' dir='ltr'>ut</span> <span class='ocrx_word' id='word_1_284' title='bbox 1114 3152 1263 3224; x_wconf 88' lang='lat' dir='ltr'>nesciam,</span> <span class='ocrx_word' id='word_1_285' title='bbox 1294 3148 1439 3211; x_wconf 88' lang='lat' dir='ltr'>riderene</span> <span class='ocrx_word' id='word_1_286' title='bbox 1461 3151 1565 3231; x_wconf 88' lang='lat' dir='ltr'>magis</span> <span class='ocrx_word' id='word_1_287' title='bbox 1587 3168 1630 3212; x_wconf 87' lang='lat' dir='ltr'>an</span> <span class='ocrx_word' id='word_1_288' title='bbox 1654 3162 1730 3212; x_wconf 91' lang='lat' dir='ltr'>tuae</span> 
     </span>
     <span class='ocr_line' id='line_1_28' title="bbox 268 3253 1728 3337; baseline 0.001 -24"><span class='ocrx_word' id='word_1_289' title='bbox 268 3255 396 3332; x_wconf 89' lang='lat' dir='ltr'>ineptae</span> <span class='ocrx_word' id='word_1_290' title='bbox 420 3254 610 3316; x_wconf 91' lang='lat' dir='ltr'>solicitudini</span> <span class='ocrx_word' id='word_1_291' title='bbox 634 3257 750 3337; x_wconf 88' lang='lat' dir='ltr'>gratias</span> <span class='ocrx_word' id='word_1_292' title='bbox 773 3273 868 3337; x_wconf 91' lang='lat' dir='ltr'>agere</span> <span class='ocrx_word' id='word_1_293' title='bbox 891 3254 1045 3328; x_wconf 87' lang='lat' dir='ltr'>debeam;</span> <span class='ocrx_word' id='word_1_294' title='bbox 1076 3263 1107 3314; x_wconf 89' lang='lat' dir='ltr'>et</span> <span class='ocrx_word' id='word_1_295' title='bbox 1131 3255 1189 3314; x_wconf 92' lang='lat' dir='ltr'>nisi</span> <span class='ocrx_word' id='word_1_296' title='bbox 1212 3255 1325 3316; x_wconf 89' lang='lat' dir='ltr'>scirem</span> <span class='ocrx_word' id='word_1_297' title='bbox 1348 3253 1388 3328; x_wconf 91' lang='lat' dir='ltr'>id,</span> <span class='ocrx_word' id='word_1_298' title='bbox 1422 3256 1556 3315; x_wconf 93' lang='lat' dir='ltr'>omnino</span> <span class='ocrx_word' id='word_1_299' title='bbox 1580 3255 1728 3317; x_wconf 90' lang='lat' dir='ltr'>riderem.</span> 
     </span>
     <span class='ocr_line' id='line_1_29' title="bbox 271 3355 1728 3440; baseline 0.002 -23"><span class='ocrx_word' id='word_1_300' title='bbox 271 3355 345 3418; x_wconf 91' lang='lat' dir='ltr'>Non</span> <span class='ocrx_word' id='word_1_301' title='bbox 369 3360 454 3418; x_wconf 93' lang='lat' dir='ltr'>enim</span> <span class='ocrx_word' id='word_1_302' title='bbox 484 3357 606 3419; x_wconf 88' lang='lat' dir='ltr'>tabellis</span> <span class='ocrx_word' id='word_1_303' title='bbox 637 3359 813 3440; x_wconf 88' lang='lat' dir='ltr'>obsignatis</span> <span class='ocrx_word' id='word_1_304' title='bbox 844 3378 970 3420; x_wconf 92' lang='lat' dir='ltr'>mecum</span> <span class='ocrx_word' id='word_1_305' title='bbox 1000 3360 1075 3439; x_wconf 85' lang='lat' dir='ltr'>agis,</span> <span class='ocrx_word' id='word_1_306' title='bbox 1106 3360 1160 3438; x_wconf 92' lang='lat' dir='ltr'>qui</span> <span class='ocrx_word' id='word_1_307' title='bbox 1191 3359 1254 3418; x_wconf 93' lang='lat' dir='ltr'>iam</span> <span class='ocrx_word' id='word_1_308' title='bbox 1286 3358 1396 3419; x_wconf 88' lang='lat' dir='ltr'>millies</span> <span class='ocrx_word' id='word_1_309' title='bbox 1422 3367 1559 3420; x_wconf 91' lang='lat' dir='ltr'>testatus</span> <span class='ocrx_word' id='word_1_310' title='bbox 1582 3378 1667 3433; x_wconf 88' lang='lat' dir='ltr'>sum,</span> <span class='ocrx_word' id='word_1_311' title='bbox 1698 3360 1728 3421; x_wconf 93' lang='lat' dir='ltr'>in</span> 
     </span>
     <span class='ocr_line' id='line_1_30' title="bbox 271 3462 1730 3545; baseline 0.002 -24"><span class='ocrx_word' id='word_1_312' title='bbox 271 3480 369 3540; x_wconf 87' lang='lat' dir='ltr'>quam</span> <span class='ocrx_word' id='word_1_313' title='bbox 386 3472 416 3522; x_wconf 92' lang='lat' dir='ltr'>te</span> <span class='ocrx_word' id='word_1_314' title='bbox 432 3473 556 3539; x_wconf 88' lang='lat' dir='ltr'>partem</span> <span class='ocrx_word' id='word_1_315' title='bbox 573 3481 701 3544; x_wconf 88' lang='lat' dir='ltr'>vergere</span> <span class='ocrx_word' id='word_1_316' title='bbox 717 3462 840 3537; x_wconf 90' lang='lat' dir='ltr'>malim;</span> <span class='ocrx_word' id='word_1_317' title='bbox 865 3462 922 3523; x_wconf 90' lang='lat' dir='ltr'>sed</span> <span class='ocrx_word' id='word_1_318' title='bbox 938 3482 1044 3525; x_wconf 90' lang='lat' dir='ltr'>assem</span> <span class='ocrx_word' id='word_1_319' title='bbox 1061 3473 1092 3522; x_wconf 90' lang='lat' dir='ltr'>te</span> <span class='ocrx_word' id='word_1_320' title='bbox 1107 3462 1279 3542; x_wconf 85' lang='lat' dir='ltr'>elephanto</span> <span class='ocrx_word' id='word_1_321' title='bbox 1299 3463 1460 3545; x_wconf 88' lang='lat' dir='ltr'>porrigere</span> <span class='ocrx_word' id='word_1_322' title='bbox 1476 3474 1579 3543; x_wconf 82' lang='lat' dir='ltr'>putas</span> <span class='ocrx_word' id='word_1_323' title='bbox 1604 3462 1730 3524; x_wconf 92' lang='lat' dir='ltr'>Verum</span> 
     </span>
     <span class='ocr_line' id='line_1_31' title="bbox 271 3565 1729 3648; baseline 0.001 -22"><span class='ocrx_word' id='word_1_324' title='bbox 271 3576 341 3628; x_wconf 92' lang='lat' dir='ltr'>tuto</span> <span class='ocrx_word' id='word_1_325' title='bbox 364 3569 502 3648; x_wconf 89' lang='lat' dir='ltr'>navigas,</span> <span class='ocrx_word' id='word_1_326' title='bbox 527 3586 631 3646; x_wconf 91' lang='lat' dir='ltr'>neque</span> <span class='ocrx_word' id='word_1_327' title='bbox 646 3586 788 3646; x_wconf 88' lang='lat' dir='ltr'>unquam</span> <span class='ocrx_word' id='word_1_328' title='bbox 812 3566 853 3628; x_wconf 91' lang='lat' dir='ltr'>ad</span> <span class='ocrx_word' id='word_1_329' title='bbox 867 3567 1036 3647; x_wconf 90' lang='lat' dir='ltr'>scopulum</span> <span class='ocrx_word' id='word_1_330' title='bbox 1060 3569 1091 3627; x_wconf 94' lang='lat' dir='ltr'>in</span> <span class='ocrx_word' id='word_1_331' title='bbox 1107 3566 1162 3641; x_wconf 93' lang='lat' dir='ltr'>his,</span> <span class='ocrx_word' id='word_1_332' title='bbox 1187 3585 1270 3647; x_wconf 92' lang='lat' dir='ltr'>quae</span> <span class='ocrx_word' id='word_1_333' title='bbox 1286 3565 1327 3627; x_wconf 92' lang='lat' dir='ltr'>ad</span> <span class='ocrx_word' id='word_1_334' title='bbox 1350 3585 1403 3627; x_wconf 91' lang='lat' dir='ltr'>me</span> <span class='ocrx_word' id='word_1_335' title='bbox 1418 3577 1574 3646; x_wconf 86' lang='lat' dir='ltr'>spectant,</span> <span class='ocrx_word' id='word_1_336' title='bbox 1596 3566 1729 3629; x_wconf 90' lang='lat' dir='ltr'>allidere</span> 
     </span>
     <span class='ocr_line' id='line_1_32' title="bbox 269 3669 1729 3751; baseline 0.002 -21"><span class='ocrx_word' id='word_1_337' title='bbox 269 3680 371 3748; x_wconf 90' lang='lat' dir='ltr'>potes,</span> <span class='ocrx_word' id='word_1_338' title='bbox 395 3689 580 3749; x_wconf 89' lang='lat' dir='ltr'>precorque,</span> <span class='ocrx_word' id='word_1_339' title='bbox 604 3669 733 3749; x_wconf 88' lang='lat' dir='ltr'>depone</span> <span class='ocrx_word' id='word_1_340' title='bbox 756 3671 838 3731; x_wconf 90' lang='lat' dir='ltr'>hanc</span> <span class='ocrx_word' id='word_1_341' title='bbox 861 3689 979 3745; x_wconf 91' lang='lat' dir='ltr'>curam,</span> <span class='ocrx_word' id='word_1_342' title='bbox 1002 3690 1042 3732; x_wconf 94' lang='lat' dir='ltr'>ne</span> <span class='ocrx_word' id='word_1_343' title='bbox 1066 3689 1118 3732; x_wconf 91' lang='lat' dir='ltr'>me</span> <span class='ocrx_word' id='word_1_344' title='bbox 1140 3682 1237 3744; x_wconf 92' lang='lat' dir='ltr'>metu,</span> <span class='ocrx_word' id='word_1_345' title='bbox 1262 3690 1447 3751; x_wconf 90' lang='lat' dir='ltr'>quanquam</span> <span class='ocrx_word' id='word_1_346' title='bbox 1471 3671 1614 3733; x_wconf 80' lang='lat' dir='ltr'>fortassis</span> <span class='ocrx_word' id='word_1_347' title='bbox 1635 3691 1729 3745; x_wconf 84' lang='lat' dir='ltr'>vano,</span> 
     </span>
     <span class='ocr_line' id='line_1_33' title="bbox 267 3774 1729 3857; baseline 0 -21"><span class='ocrx_word' id='word_1_348' title='bbox 267 3777 432 3836; x_wconf 88' lang='lat' dir='ltr'>concutias</span> <span class='ocrx_word' id='word_1_349' title='bbox 455 3787 485 3835; x_wconf 92' lang='lat' dir='ltr'>et</span> <span class='ocrx_word' id='word_1_350' title='bbox 509 3795 547 3836; x_wconf 94' lang='lat' dir='ltr'>ea</span> <span class='ocrx_word' id='word_1_351' title='bbox 570 3777 680 3836; x_wconf 90' lang='lat' dir='ltr'>timere</span> <span class='ocrx_word' id='word_1_352' title='bbox 703 3795 809 3857; x_wconf 89' lang='lat' dir='ltr'>cogas,</span> <span class='ocrx_word' id='word_1_353' title='bbox 832 3794 916 3854; x_wconf 91' lang='lat' dir='ltr'>quae</span> <span class='ocrx_word' id='word_1_354' title='bbox 939 3777 1069 3836; x_wconf 93' lang='lat' dir='ltr'>minime</span> <span class='ocrx_word' id='word_1_355' title='bbox 1086 3774 1228 3836; x_wconf 89' lang='lat' dir='ltr'>timenda</span> <span class='ocrx_word' id='word_1_356' title='bbox 1250 3786 1332 3838; x_wconf 93' lang='lat' dir='ltr'>sunt.</span> <span class='ocrx_word' id='word_1_357' title='bbox 1355 3774 1453 3855; x_wconf 85' lang='lat' dir='ltr'>Quod</span> <span class='ocrx_word' id='word_1_358' title='bbox 1472 3775 1514 3837; x_wconf 91' lang='lat' dir='ltr'>ad</span> <span class='ocrx_word' id='word_1_359' title='bbox 1531 3774 1729 3838; x_wconf 91' lang='lat' dir='ltr'>Bilibaldum</span> 
     </span>
     <span class='ocr_line' id='line_1_34' title="bbox 266 3877 1729 3960; baseline 0.001 -21"><span class='ocrx_word' id='word_1_360' title='bbox 266 3878 449 3940; x_wconf 87' lang='lat' dir='ltr'>Pirkhamer</span> <span class='ocrx_word' id='word_1_361' title='bbox 473 3882 591 3954; x_wconf 89' lang='lat' dir='ltr'>attinet,</span> <span class='ocrx_word' id='word_1_362' title='bbox 615 3880 736 3957; x_wconf 87' lang='lat' dir='ltr'>parebo</span> <span class='ocrx_word' id='word_1_363' title='bbox 761 3892 817 3940; x_wconf 88' lang='lat' dir='ltr'>tuo</span> <span class='ocrx_word' id='word_1_364' title='bbox 840 3879 980 3953; x_wconf 75' lang='lat' dir='ltr'>consilio</span> <span class='ocrx_word' id='word_1_365' title='bbox 1005 3881 1132 3959; x_wconf 92' lang='lat' dir='ltr'>iamque</span> <span class='ocrx_word' id='word_1_366' title='bbox 1148 3879 1292 3941; x_wconf 91' lang='lat' dir='ltr'>nonnihil</span> <span class='ocrx_word' id='word_1_367' title='bbox 1315 3898 1352 3940; x_wconf 88' lang='lat' dir='ltr'>ea</span> <span class='ocrx_word' id='word_1_368' title='bbox 1376 3877 1417 3940; x_wconf 87' lang='lat' dir='ltr'>de</span> <span class='ocrx_word' id='word_1_369' title='bbox 1439 3897 1473 3940; x_wconf 91' lang='lat' dir='ltr'>re</span> <span class='ocrx_word' id='word_1_370' title='bbox 1488 3878 1529 3940; x_wconf 90' lang='lat' dir='ltr'>ad</span> <span class='ocrx_word' id='word_1_371' title='bbox 1542 3878 1729 3960; x_wconf 75' lang='lat' dir='ltr'>johannem</span> 
     </span>
     <span class='ocr_line' id='line_1_35' title="bbox 267 3982 1730 4065; baseline 0.003 -23"><span class='ocrx_word' id='word_1_372' title='bbox 267 3982 390 4044; x_wconf 92' lang='lat' dir='ltr'>ln-llof</span> <span class='ocrx_word' id='word_1_373' title='bbox 409 3984 533 4061; x_wconf 75' lang='lat' dir='ltr'>scripsi,</span> <span class='ocrx_word' id='word_1_374' title='bbox 563 4002 638 4043; x_wconf 89' lang='lat' dir='ltr'>nam</span> <span class='ocrx_word' id='word_1_375' title='bbox 661 3982 703 4045; x_wconf 91' lang='lat' dir='ltr'>ad</span> <span class='ocrx_word' id='word_1_376' title='bbox 726 3984 892 4045; x_wconf 88' lang='lat' dir='ltr'>hominem</span> <span class='ocrx_word' id='word_1_377' title='bbox 915 4002 1046 4062; x_wconf 90' lang='lat' dir='ltr'>prorsus</span> <span class='ocrx_word' id='word_1_378' title='bbox 1070 3985 1216 4065; x_wconf 91' lang='lat' dir='ltr'>ignotum</span> <span class='ocrx_word' id='word_1_379' title='bbox 1247 3984 1383 4045; x_wconf 89' lang='lat' dir='ltr'>scribere</span> <span class='ocrx_word' id='word_1_380' title='bbox 1406 3985 1528 4046; x_wconf 91' lang='lat' dir='ltr'>eteius</span> <span class='ocrx_word' id='word_1_381' title='bbox 1552 4002 1655 4063; x_wconf 91' lang='lat' dir='ltr'>opera</span> <span class='ocrx_word' id='word_1_382' title='bbox 1677 4004 1730 4046; x_wconf 90' lang='lat' dir='ltr'>su·</span> 
     </span>
     <span class='ocr_line' id='line_1_36' title="bbox 268 4086 1728 4169; baseline 0.002 -22"><span class='ocrx_word' id='word_1_383' title='bbox 268 4088 335 4148; x_wconf 90' lang='lat' dir='ltr'>bito</span> <span class='ocrx_word' id='word_1_384' title='bbox 359 4090 403 4148; x_wconf 93' lang='lat' dir='ltr'>uti</span> <span class='ocrx_word' id='word_1_385' title='bbox 426 4088 640 4149; x_wconf 89' lang='lat' dir='ltr'>subrusticum</span> <span class='ocrx_word' id='word_1_386' title='bbox 664 4088 839 4149; x_wconf 89' lang='lat' dir='ltr'>videbatur.</span> <span class='ocrx_word' id='word_1_387' title='bbox 875 4087 1021 4149; x_wconf 90' lang='lat' dir='ltr'>Hortaris</span> <span class='ocrx_word' id='word_1_388' title='bbox 1052 4091 1082 4149; x_wconf 95' lang='lat' dir='ltr'>in</span> <span class='ocrx_word' id='word_1_389' title='bbox 1115 4086 1177 4148; x_wconf 87' lang='lat' dir='ltr'>fine</span> <span class='ocrx_word' id='word_1_390' title='bbox 1207 4087 1371 4169; x_wconf 88' lang='lat' dir='ltr'>epistolae,</span> <span class='ocrx_word' id='word_1_391' title='bbox 1401 4097 1435 4148; x_wconf 92' lang='lat' dir='ltr'>ut</span> <span class='ocrx_word' id='word_1_392' title='bbox 1465 4098 1541 4168; x_wconf 91' lang='lat' dir='ltr'>post</span> <span class='ocrx_word' id='word_1_393' title='bbox 1570 4088 1728 4151; x_wconf 86' lang='lat' dir='ltr'>secularia</span> 
     </span>
     <span class='ocr_line' id='line_1_37' title="bbox 267 4190 1728 4273; baseline 0.001 -21"><span class='ocrx_word' id='word_1_394' title='bbox 267 4191 372 4254; x_wconf 88' lang='lat' dir='ltr'>studia</span> <span class='ocrx_word' id='word_1_395' title='bbox 403 4192 536 4253; x_wconf 91' lang='lat' dir='ltr'>tandem</span> <span class='ocrx_word' id='word_1_396' title='bbox 567 4194 597 4252; x_wconf 94' lang='lat' dir='ltr'>in</span> <span class='ocrx_word' id='word_1_397' title='bbox 629 4191 784 4273; x_wconf 86' lang='lat' dir='ltr'>euangelii</span> <span class='ocrx_word' id='word_1_398' title='bbox 814 4210 1042 4271; x_wconf 89' lang='lat' dir='ltr'>sacrorumque</span> <span class='ocrx_word' id='word_1_399' title='bbox 1077 4193 1276 4254; x_wconf 92' lang='lat' dir='ltr'>voluminum</span> <span class='ocrx_word' id='word_1_400' title='bbox 1309 4190 1447 4255; x_wconf 91' lang='lat' dir='ltr'>lectione</span> <span class='ocrx_word' id='word_1_401' title='bbox 1479 4192 1728 4272; x_wconf 88' lang='lat' dir='ltr'>conquiescam:</span> 
     </span>
     <span class='ocr_line' id='line_1_38' title="bbox 269 4295 1731 4378; baseline 0 -20"><span class='ocrx_word' id='word_1_402' title='bbox 269 4310 396 4378; x_wconf 88' lang='lat' dir='ltr'>gratum</span> <span class='ocrx_word' id='word_1_403' title='bbox 420 4296 450 4357; x_wconf 90' lang='lat' dir='ltr'>id</span> <span class='ocrx_word' id='word_1_404' title='bbox 474 4297 548 4359; x_wconf 90' lang='lat' dir='ltr'>mihi</span> <span class='ocrx_word' id='word_1_405' title='bbox 574 4299 689 4359; x_wconf 91' lang='lat' dir='ltr'>mirum</span> <span class='ocrx_word' id='word_1_406' title='bbox 720 4300 749 4358; x_wconf 93' lang='lat' dir='ltr'>in</span> <span class='ocrx_word' id='word_1_407' title='bbox 778 4297 913 4359; x_wconf 91' lang='lat' dir='ltr'>modum</span> <span class='ocrx_word' id='word_1_408' title='bbox 943 4308 1008 4371; x_wconf 87' lang='lat' dir='ltr'>est;</span> <span class='ocrx_word' id='word_1_409' title='bbox 1043 4317 1147 4377; x_wconf 90' lang='lat' dir='ltr'>neque</span> <span class='ocrx_word' id='word_1_410' title='bbox 1178 4299 1262 4359; x_wconf 92' lang='lat' dir='ltr'>enim</span> <span class='ocrx_word' id='word_1_411' title='bbox 1293 4298 1408 4358; x_wconf 91' lang='lat' dir='ltr'>certius</span> <span class='ocrx_word' id='word_1_412' title='bbox 1438 4295 1589 4358; x_wconf 88' lang='lat' dir='ltr'>indicium</span> <span class='ocrx_word' id='word_1_413' title='bbox 1622 4315 1731 4371; x_wconf 87' lang='lat' dir='ltr'>verae,</span> 
     </span>
     <span class='ocr_line' id='line_1_39' title="bbox 266 4400 1730 4481; baseline 0.001 -20"><span class='ocrx_word' id='word_1_414' title='bbox 266 4412 397 4462; x_wconf 91' lang='lat' dir='ltr'>sanctae</span> <span class='ocrx_word' id='word_1_415' title='bbox 421 4401 674 4481; x_wconf 89' lang='lat' dir='ltr'>christianaeque</span> <span class='ocrx_word' id='word_1_416' title='bbox 697 4404 853 4464; x_wconf 91' lang='lat' dir='ltr'>amicitiae</span> <span class='ocrx_word' id='word_1_417' title='bbox 875 4422 946 4464; x_wconf 88' lang='lat' dir='ltr'>esse</span> <span class='ocrx_word' id='word_1_418' title='bbox 969 4413 1085 4481; x_wconf 92' lang='lat' dir='ltr'>potest.</span> <span class='ocrx_word' id='word_1_419' title='bbox 1109 4400 1280 4464; x_wconf 85' lang='lat' dir='ltr'>Caeterum</span> <span class='ocrx_word' id='word_1_420' title='bbox 1303 4404 1329 4462; x_wconf 89' lang='lat' dir='ltr'>si</span> <span class='ocrx_word' id='word_1_421' title='bbox 1352 4404 1383 4462; x_wconf 94' lang='lat' dir='ltr'>in</span> <span class='ocrx_word' id='word_1_422' title='bbox 1406 4400 1636 4477; x_wconf 88' lang='lat' dir='ltr'>adolescentia,</span> <span class='ocrx_word' id='word_1_423' title='bbox 1660 4420 1730 4481; x_wconf 92' lang='lat' dir='ltr'>quo</span> 
     </span>
     <span class='ocr_line' id='line_1_40' title="bbox 268 4505 1731 4587; baseline 0.003 -22"><span class='ocrx_word' id='word_1_424' title='bbox 268 4517 415 4585; x_wconf 88' lang='lat' dir='ltr'>tempore</span> <span class='ocrx_word' id='word_1_425' title='bbox 438 4506 607 4587; x_wconf 82' lang='lat' dir='ltr'>gentilibus</span> <span class='ocrx_word' id='word_1_426' title='bbox 631 4509 757 4585; x_wconf 89' lang='lat' dir='ltr'>penitus</span> <span class='ocrx_word' id='word_1_427' title='bbox 780 4506 907 4569; x_wconf 89' lang='lat' dir='ltr'>deditus</span> <span class='ocrx_word' id='word_1_428' title='bbox 924 4525 1011 4567; x_wconf 89' lang='lat' dir='ltr'>eram</span> <span class='ocrx_word' id='word_1_429' title='bbox 1027 4519 1058 4568; x_wconf 92' lang='lat' dir='ltr'>et</span> <span class='ocrx_word' id='word_1_430' title='bbox 1074 4508 1154 4586; x_wconf 87' lang='lat' dir='ltr'>plus,</span> <span class='ocrx_word' id='word_1_431' title='bbox 1177 4525 1274 4586; x_wconf 93' lang='lat' dir='ltr'>quam</span> <span class='ocrx_word' id='word_1_432' title='bbox 1295 4505 1497 4584; x_wconf 85' lang='lat' dir='ltr'>expediebat,</span> <span class='ocrx_word' id='word_1_433' title='bbox 1519 4505 1731 4586; x_wconf 89' lang='lat' dir='ltr'>eloquentiae</span> 
     </span>
     <span class='ocr_line' id='line_1_41' title="bbox 265 4608 1730 4691; baseline 0.003 -22"><span class='ocrx_word' id='word_1_434' title='bbox 265 4609 424 4671; x_wconf 92' lang='lat' dir='ltr'>lenocinio</span> <span class='ocrx_word' id='word_1_435' title='bbox 442 4608 613 4682; x_wconf 91' lang='lat' dir='ltr'>mulcebar,</span> <span class='ocrx_word' id='word_1_436' title='bbox 637 4629 802 4689; x_wconf 91' lang='lat' dir='ltr'>nunquam</span> <span class='ocrx_word' id='word_1_437' title='bbox 818 4622 925 4673; x_wconf 90' lang='lat' dir='ltr'>tamen</span> <span class='ocrx_word' id='word_1_438' title='bbox 942 4611 1023 4672; x_wconf 90' lang='lat' dir='ltr'>vitae</span> <span class='ocrx_word' id='word_1_439' title='bbox 1047 4629 1239 4691; x_wconf 91' lang='lat' dir='ltr'>morumque</span> <span class='ocrx_word' id='word_1_440' title='bbox 1255 4620 1424 4691; x_wconf 89' lang='lat' dir='ltr'>praecepta</span> <span class='ocrx_word' id='word_1_441' title='bbox 1442 4609 1516 4671; x_wconf 91' lang='lat' dir='ltr'>inde</span> <span class='ocrx_word' id='word_1_442' title='bbox 1531 4611 1730 4689; x_wconf 91' lang='lat' dir='ltr'>aucupanda</span> 
     </span>
     <span class='ocr_line' id='line_1_42' title="bbox 266 4715 1730 4789; baseline 0.003 -16"><span class='ocrx_word' id='word_1_443' title='bbox 266 4715 453 4787; x_wconf 87' lang='lat' dir='ltr'>existimavi,</span> <span class='ocrx_word' id='word_1_444' title='bbox 488 4733 553 4775; x_wconf 90' lang='lat' dir='ltr'>non</span> <span class='ocrx_word' id='word_1_445' title='bbox 583 4724 631 4774; x_wconf 89' lang='lat' dir='ltr'>est</span> <span class='ocrx_word' id='word_1_446' title='bbox 661 4734 717 4776; x_wconf 90' lang='lat' dir='ltr'>cur</span> <span class='ocrx_word' id='word_1_447' title='bbox 739 4717 883 4789; x_wconf 87' lang='lat' dir='ltr'>verearis,</span> <span class='ocrx_word' id='word_1_448' title='bbox 915 4733 954 4775; x_wconf 92' lang='lat' dir='ltr'>ne</span> <span class='ocrx_word' id='word_1_449' title='bbox 977 4717 1039 4775; x_wconf 92' lang='lat' dir='ltr'>iam</span> <span class='ocrx_word' id='word_1_450' title='bbox 1071 4725 1260 4776; x_wconf 91' lang='lat' dir='ltr'>canescente</span> <span class='ocrx_word' id='word_1_451' title='bbox 1283 4717 1398 4777; x_wconf 91' lang='lat' dir='ltr'>vertice</span> <span class='ocrx_word' id='word_1_452' title='bbox 1428 4732 1518 4777; x_wconf 91' lang='lat' dir='ltr'>rosas</span> <span class='ocrx_word' id='word_1_453' title='bbox 1546 4724 1579 4775; x_wconf 85' lang='lat' dir='ltr'>et</span> <span class='ocrx_word' id='word_1_454' title='bbox 1607 4715 1673 4776; x_wconf 91' lang='lat' dir='ltr'>lilia</span> <span class='ocrx_word' id='word_1_455' title='bbox 1695 4728 1730 4777; x_wconf 91' lang='lat' dir='ltr'>et</span> 
     </span>
     <span class='ocr_line' id='line_1_43' title="bbox 266 4818 1731 4902; baseline 0.003 -24"><span class='ocrx_word' id='word_1_456' title='bbox 266 4837 421 4879; x_wconf 90' lang='lat' dir='ltr'>amoenos</span> <span class='ocrx_word' id='word_1_457' title='bbox 445 4818 550 4879; x_wconf 89' lang='lat' dir='ltr'>fontes</span> <span class='ocrx_word' id='word_1_458' title='bbox 572 4818 669 4896; x_wconf 89' lang='lat' dir='ltr'>pluris</span> <span class='ocrx_word' id='word_1_459' title='bbox 705 4819 817 4879; x_wconf 87' lang='lat' dir='ltr'>faciam</span> <span class='ocrx_word' id='word_1_460' title='bbox 850 4838 948 4900; x_wconf 90' lang='lat' dir='ltr'>quam</span> <span class='ocrx_word' id='word_1_461' title='bbox 972 4820 1098 4896; x_wconf 89' lang='lat' dir='ltr'>plenam</span> <span class='ocrx_word' id='word_1_462' title='bbox 1130 4838 1276 4893; x_wconf 91' lang='lat' dir='ltr'>messem,</span> <span class='ocrx_word' id='word_1_463' title='bbox 1307 4819 1423 4881; x_wconf 89' lang='lat' dir='ltr'>uberes</span> <span class='ocrx_word' id='word_1_464' title='bbox 1445 4819 1534 4881; x_wconf 87' lang='lat' dir='ltr'>oleas</span> <span class='ocrx_word' id='word_1_465' title='bbox 1556 4829 1588 4880; x_wconf 90' lang='lat' dir='ltr'>et</span> <span class='ocrx_word' id='word_1_466' title='bbox 1611 4838 1731 4902; x_wconf 87' lang='lat' dir='ltr'>graves</span> 
     </span>
     <span class='ocr_line' id='line_1_44' title="bbox 267 4923 1731 5005; baseline 0.001 -23"><span class='ocrx_word' id='word_1_467' title='bbox 267 4923 419 4984; x_wconf 90' lang='lat' dir='ltr'>fructibus</span> <span class='ocrx_word' id='word_1_468' title='bbox 439 4924 532 4983; x_wconf 89' lang='lat' dir='ltr'>vites:</span> <span class='ocrx_word' id='word_1_469' title='bbox 557 4924 632 5002; x_wconf 89' lang='lat' dir='ltr'>quin</span> <span class='ocrx_word' id='word_1_470' title='bbox 653 4942 750 5002; x_wconf 90' lang='lat' dir='ltr'>saepe</span> <span class='ocrx_word' id='word_1_471' title='bbox 774 4923 886 4984; x_wconf 91' lang='lat' dir='ltr'>accidit</span> <span class='ocrx_word' id='word_1_472' title='bbox 910 4943 974 4984; x_wconf 94' lang='lat' dir='ltr'>non</span> <span class='ocrx_word' id='word_1_473' title='bbox 991 4925 1095 4984; x_wconf 91' lang='lat' dir='ltr'>solum</span> <span class='ocrx_word' id='word_1_474' title='bbox 1119 4926 1150 4985; x_wconf 94' lang='lat' dir='ltr'>in</span> <span class='ocrx_word' id='word_1_475' title='bbox 1173 4924 1229 4998; x_wconf 85' lang='lat' dir='ltr'>his,</span> <span class='ocrx_word' id='word_1_476' title='bbox 1246 4943 1329 5003; x_wconf 90' lang='lat' dir='ltr'>quae</span> <span class='ocrx_word' id='word_1_477' title='bbox 1344 4923 1386 4985; x_wconf 89' lang='lat' dir='ltr'>ad</span> <span class='ocrx_word' id='word_1_478' title='bbox 1401 4923 1586 5005; x_wconf 90' lang='lat' dir='ltr'>religionem</span> <span class='ocrx_word' id='word_1_479' title='bbox 1604 4942 1731 4985; x_wconf 72' lang='lat' dir='ltr'>mores-</span> 
     </span>
     <span class='ocr_line' id='line_1_45' title="bbox 267 5025 1731 5107; baseline 0.003 -23"><span class='ocrx_word' id='word_1_480' title='bbox 267 5047 330 5106; x_wconf 89' lang='lat' dir='ltr'>que</span> <span class='ocrx_word' id='word_1_481' title='bbox 364 5030 530 5107; x_wconf 90' lang='lat' dir='ltr'>pertinent,</span> <span class='ocrx_word' id='word_1_482' title='bbox 561 5027 619 5089; x_wconf 87' lang='lat' dir='ltr'>sed</span> <span class='ocrx_word' id='word_1_483' title='bbox 650 5030 745 5089; x_wconf 90' lang='lat' dir='ltr'>etiarn</span> <span class='ocrx_word' id='word_1_484' title='bbox 776 5029 808 5087; x_wconf 93' lang='lat' dir='ltr'>in</span> <span class='ocrx_word' id='word_1_485' title='bbox 837 5046 940 5088; x_wconf 92' lang='lat' dir='ltr'>rerum</span> <span class='ocrx_word' id='word_1_486' title='bbox 974 5027 1163 5088; x_wconf 88' lang='lat' dir='ltr'>naturalium</span> <span class='ocrx_word' id='word_1_487' title='bbox 1194 5029 1405 5107; x_wconf 89' lang='lat' dir='ltr'>inquisitione,</span> <span class='ocrx_word' id='word_1_488' title='bbox 1435 5038 1469 5089; x_wconf 94' lang='lat' dir='ltr'>ut</span> <span class='ocrx_word' id='word_1_489' title='bbox 1496 5025 1609 5089; x_wconf 89' lang='lat' dir='ltr'>schola</span> <span class='ocrx_word' id='word_1_490' title='bbox 1645 5026 1731 5089; x_wconf 92' lang='lat' dir='ltr'>Pari-</span> 
     </span>
     <span class='ocr_line' id='line_1_46' title="bbox 265 5129 1731 5212; baseline 0.002 -22"><span class='ocrx_word' id='word_1_491' title='bbox 265 5135 358 5192; x_wconf 89' lang='lat' dir='ltr'>siensi</span> <span class='ocrx_word' id='word_1_492' title='bbox 384 5134 485 5212; x_wconf 84' lang='lat' dir='ltr'>magis</span> <span class='ocrx_word' id='word_1_493' title='bbox 508 5151 606 5211; x_wconf 91' lang='lat' dir='ltr'>quam</span> <span class='ocrx_word' id='word_1_494' title='bbox 629 5131 764 5193; x_wconf 89' lang='lat' dir='ltr'>Athenis</span> <span class='ocrx_word' id='word_1_495' title='bbox 788 5131 934 5205; x_wconf 91' lang='lat' dir='ltr'>delecter,</span> <span class='ocrx_word' id='word_1_496' title='bbox 965 5142 997 5193; x_wconf 90' lang='lat' dir='ltr'>et</span> <span class='ocrx_word' id='word_1_497' title='bbox 1021 5131 1092 5210; x_wconf 87' lang='lat' dir='ltr'>plus</span> <span class='ocrx_word' id='word_1_498' title='bbox 1116 5131 1191 5192; x_wconf 93' lang='lat' dir='ltr'>mihi</span> <span class='ocrx_word' id='word_1_499' title='bbox 1215 5130 1369 5193; x_wconf 88' lang='lat' dir='ltr'>Albertus</span> <span class='ocrx_word' id='word_1_500' title='bbox 1399 5150 1497 5210; x_wconf 90' lang='lat' dir='ltr'>quam</span> <span class='ocrx_word' id='word_1_501' title='bbox 1520 5129 1649 5194; x_wconf 88' lang='lat' dir='ltr'>Seneca</span> <span class='ocrx_word' id='word_1_502' title='bbox 1673 5143 1731 5194; x_wconf 91' lang='lat' dir='ltr'>aut</span> 
     </span>
     <span class='ocr_line' id='line_1_47' title="bbox 266 5233 1730 5315; baseline 0.001 -18"><span class='ocrx_word' id='word_1_503' title='bbox 266 5236 383 5297; x_wconf 86' lang='lat' dir='ltr'>Plinius</span> <span class='ocrx_word' id='word_1_504' title='bbox 408 5236 608 5296; x_wconf 85' lang='lat' dir='ltr'>satisfaciant.</span> <span class='ocrx_word' id='word_1_505' title='bbox 644 5234 770 5313; x_wconf 82' lang='lat' dir='ltr'>Quodsi</span> <span class='ocrx_word' id='word_1_506' title='bbox 798 5238 909 5315; x_wconf 90' lang='lat' dir='ltr'>utique</span> <span class='ocrx_word' id='word_1_507' title='bbox 939 5235 980 5296; x_wconf 92' lang='lat' dir='ltr'>ad</span> <span class='ocrx_word' id='word_1_508' title='bbox 1004 5247 1110 5296; x_wconf 89' lang='lat' dir='ltr'>vetera</span> <span class='ocrx_word' id='word_1_509' title='bbox 1140 5235 1245 5298; x_wconf 89' lang='lat' dir='ltr'>studia</span> <span class='ocrx_word' id='word_1_510' title='bbox 1276 5235 1435 5298; x_wconf 93' lang='lat' dir='ltr'>interdum</span> <span class='ocrx_word' id='word_1_511' title='bbox 1459 5233 1566 5310; x_wconf 90' lang='lat' dir='ltr'>redeo,</span> <span class='ocrx_word' id='word_1_512' title='bbox 1602 5235 1637 5297; x_wconf 94' lang='lat' dir='ltr'>id</span> <span class='ocrx_word' id='word_1_513' title='bbox 1660 5255 1730 5299; x_wconf 91' lang='lat' dir='ltr'>non</span> 
     </span>
    </p>
   </div>
   <div class='ocr_carea' id='block_1_3' title="bbox 0 0 1834 5850">
    <p class='ocr_par' dir='ltr' id='par_1_3' title="bbox 0 0 1834 5850">
     <span class='ocr_line' id='line_1_48' title="bbox 0 0 1834 5850; baseline 0 3"><span class='ocrx_word' id='word_1_514' title='bbox 0 0 1834 5850; x_wconf 95' lang='lat' dir='ltr'> </span> 
     </span>
    </p>
   </div>
  </div>
 </body>
</html>
