3660 5850
551 807 770 881 Bohuslav
792 808 944 901 Janovi
972 787 1257 884 zbelnberka.

268 997 288 1050 Ζ
308 995 465 1053 Alexandt'le
484 995 549 1052 1490
570 1027 599 1034 -
619 997 646 1051 5.
665 994 718 1052 liti.
738 998 845 1065 Zpravu
859 998 930 1050 davd
949 1016 966 1050 o
979 999 1125 1066 vyltonanr':
1139 998 1223 1066 potud
1243 1001 1329 1059 ceste,
1348 997 1472 1050 akterak
1486 1015 1516 1049 se
1531 998 1631 1064 chystri

180 1083 251 1151 jesu}
271 1092 384 1151 ostrovy
403 1083 493 1143 lecke,
512 1083 607 1151 trosky
625 1083 739 1150 Trojske
755 1102 771 1135 a
784 1084 1026 1152 Konstantinopoli
1047 1082 1198 1136 navstlviti.
1218 1082 1386 1152 Pozdravuje
1406 1083 1478 1136 Petu
1491 1100 1506 1136 z
1520 1083 1633 1135 Riesen·

183 1170 266 1223 berka
290 1189 306 1223 a
331 1170 497 1238 odporuduje
526 1171 678 1224 dorueitele
705 1171 803 1223 tohoto
831 1171 903 1233 listu,
929 1171 1044 1238 jakebos
1072 1171 1245 1224 Krakovana.
1275 1170 1365 1237 (Nova
1392 1169 1472 1238 epist.
1495 1170 1566 1238 App.
1595 1173 1632 1232 ltl,

183 1257 333 1325 Vinaliclry
352 1256 386 1324 ἵ).

269 1453 308 1514 Ι).
329 1451 442 1532 Joanni
466 1452 507 1513 de
522 1450 722 1525 Sselnberck,
746 1455 831 1534 regni
849 1451 1023 1514 Bolremiae
1046 1453 1241 1525 cancellarie,
1265 1472 1288 1513 s
1311 1471 1341 1530 p.
1364 1452 1395 1513 d.
1421 1451 1513 1512 Haec
1535 1451 1577 1511 ad
1601 1465 1632 1513 te

183 1578 225 1618 ex
240 1556 435 1618 Alexandria
459 1557 571 1617 scribo.
596 1556 670 1617 Non
694 1569 863 1618 contentus
885 1559 970 1617 enim
991 1556 1115 1637 Judaea
1138 1568 1169 1617 et
1190 1555 1424 1634 Hierosolymis
1443 1554 1631 1636 Aegyptum

183 1682 313 1742 quoque
336 1671 368 1723 et
390 1661 635 1721 famosissimam
658 1662 780 1734 urbem,
804 1680 901 1741 quam
926 1673 1014 1723 aetas
1044 1670 1153 1721 nostra
1177 1658 1306 1723 Caicum
1330 1659 1470 1740 appellat
1496 1667 1632 1736 (veteres

184 1765 359 1844 Memphim
383 1760 562 1845 vocabant),
585 1765 655 1825 adii.
680 1764 781 1826 llulta
804 1766 853 1826 hic
882 1774 999 1826 tractus
1023 1777 1202 1825 memoratu
1233 1764 1329 1846 digna
1352 1763 1457 1835 habet,
1480 1762 1538 1824 sed
1562 1766 1632 1842 quis

182 1872 289 1931 omnia
311 1869 446 1949 epistola
468 1868 638 1947 complecti
655 1869 773 1947 possit?
797 1867 915 1932 Coram
932 1871 990 1929 ista
1013 1868 1187 1947 aliquando
1204 1867 1346 1929 Domino
1369 1866 1510 1946 propitio
1526 1887 1632 1928 narra·

184 1976 298 2034 bimus
321 1972 518 2034 Alexandria
542 1974 617 2033 olim
641 1972 819 2033 admodum
850 1973 933 2034 clara
964 1985 1030 2034 erat
1058 1987 1089 2034 ct
1113 1991 1224 2054 regum
1248 1971 1386 2054 Aegypti
1418 1971 1520 2033 sedes
1561 1971 1632 2032 Hoc

182 2081 278 2139 etiam
301 2089 445 2155 tempore
469 2079 567 2138 totius
589 2079 788 2145 continentis.
811 2079 865 2158 qui
889 2081 966 2139 mari
983 2090 1092 2140 nostro
1115 2078 1248 2152 alluitur,
1271 2078 1504 2139 nobilissimum
1522 2097 1632 2156 empo-

183 2185 264 2243 rium
287 2194 343 2242 est.
364 2178 515 2255 'lndicae,
545 2179 710 2249 Arabicae,
738 2180 950 2261 Aethiopicae
981 2200 1102 2244 merces
1133 2202 1173 2243 eo
1201 2180 1376 2254 confluunt,
1400 2181 1475 2243 inde
1498 2181 1630 2243 demum

185 2285 342 2346 occidenti
366 2296 398 2345 et
421 2285 606 2366 regionibus
629 2287 743 2346 nostris
767 2285 950 2347 inferuntur.
975 2285 1103 2347 Patrum
1127 2299 1312 2348 nostrorum
1336 2287 1490 2346 memoria
1514 2285 1631 2359 Petrus,

183 2389 278 2468 Cypri
296 2409 361 2460 rex,
386 2387 615 2449 Alexandriam
636 2390 734 2468 cepit:
759 2388 815 2448 sed
831 2389 1113 2450 innumerabilibus
1129 2388 1363 2470 Aegyptiorum
1391 2390 1490 2469 copiis
1516 2389 1631 2450 adven-

183 2493 332 2565 tantibus,
363 2511 436 2552 cum
467 2504 639 2572 expectare
673 2494 783 2555 hostes
807 2513 870 2553 non
905 2494 1045 2564 auderet,
1077 2493 1180 2554 diruta
1211 2495 1290 2555 urbe
1320 2504 1351 2554 et
1374 2495 1492 2576 ingenti
1526 2494 1630 2555 ablata

183 2598 303 2677 praeda
325 2608 410 2656 retro
432 2598 463 2657 in
486 2594 629 2675 Cyprum
652 2602 817 2659 concessit.
841 2598 956 2676 Reperi
980 2597 1030 2658 bic
1053 2599 1231 2658 onerariam
1259 2596 1479 2659 Genucnsium
1503 2617 1630 2658 navem:

185 2704 266 2764 hanc
289 2700 505 2763 conscendere
528 2711 559 2761 et
583 2699 741 2778 Cycladas
764 2700 889 2773 insulas,
913 2702 1020 2763 lauces
1045 2700 1253 2781 Hellesponti,
1271 2702 1377 2781 ruinas
1399 2700 1526 2776 Troiae,
1550 2700 1631 2764 Con·

131 2887 134 2892 ,
185 2804 425 2884 stantinopolim
459 2816 490 2865 et
514 2805 584 2866 loca
607 2805 747 2884 denique
781 2817 828 2866 tot
851 2806 946 2865 literis
980 2803 1137 2866 celebrata
1167 2807 1269 2866 visere
1302 2824 1389 2884 par0.
1429 2804 1520 2866 llaec
1549 2809 1630 2867 enim

185 2929 245 2983 me,
268 2911 322 2988 qui
345 2908 386 2970 ab
410 2909 538 2969 infantia
561 2911 591 2969 in
615 2909 797 2970 huiusmodi
821 2929 925 2970 rerum
957 2909 1159 2989 inquisitione
1181 2920 1325 2971 versatus
1356 2928 1437 2985 sum,
1462 2909 1629 2988 plurimum

184 3013 352 3085 delectant,
389 3015 520 3074 caeteris
554 3013 681 3074 forsitan
712 3012 841 3074 ridicula
876 3013 1036 3074 videntur:
1072 3014 1128 3075 sed
1163 3033 1225 3095 ego
1259 3032 1326 3075 non
1355 3013 1457 3087 vide0,
1492 3034 1548 3075 cur
1582 3034 1631 3074 me

185 3118 305 3198 pudeat
328 3138 385 3178 eos
401 3120 501 3196 sequi,
525 3117 580 3196 qui
596 3117 776 3177 maluerunt
793 3117 913 3179 discere
929 3120 1008 3179 situs
1023 3129 1185 3192 terrarum,
1209 3137 1316 3178 mores
1339 3128 1371 3178 et
1386 3118 1632 3179 eonsuetudines

185 3223 351 3284 hominum
375 3221 563 3301 perspicere,
586 3240 782 3303 cognoscere
806 3222 883 3283 ritus
905 3231 937 3283 et
952 3223 1094 3283 instituta
1116 3224 1260 3303 gentium
1283 3240 1382 3301 quam
1405 3223 1436 3283 in
1460 3224 1561 3302 patria
1579 3241 1632 3300 per
1721 3201 1724 3211 ι

184 3330 284 3388 otium
308 3338 340 3386 et
363 3325 558 3404 voluptatem
583 3344 732 3385 marcere.
759 3325 848 3385 llaec
871 3327 896 3385 si
919 3327 974 3386 tibi
1000 3326 1182 3404 probantur,
1207 3345 1273 3387 non
1296 3336 1344 3387 est
1367 3345 1423 3387 cur
1447 3325 1580 3387 aliorum
1604 3327 1632 3386 in

184 3453 221 3493 ea
244 3450 278 3491 re
302 3429 449 3490 iudicium
468 3432 703 3507 pertimescam:
730 3433 775 3489 sin
793 3448 845 3489 me
861 3429 923 3491 lalli
947 3449 1116 3510 errareque
1132 3448 1252 3504 censes,
1276 3433 1397 3504 issum,
1420 3449 1519 3509 quem
1536 3434 1632 3492 verbo

185 3534 227 3595 de
255 3535 409 3594 sententia
434 3534 596 3594 dimovere
628 3536 753 3610 poteris.
792 3532 883 3607 Vale,
907 3546 1041 3612 patrone
1064 3533 1222 3615 dignitatis
1246 3554 1344 3606 meae,
1376 3533 1480 3596 valeat
1503 3545 1534 3594 et
1557 3535 1632 3596 Puta

186 3657 277 3699 meus
300 3650 415 3699 tecum.
439 3637 491 3697 Ex
514 3636 712 3697 Alexandria
735 3635 875 3719 Aegypti
902 3639 984 3700 tttu
1008 3637 1165 3700 Novemb
1188 3638 1217 3701 ὁ.

272 3776 350 3836 Post
371 3777 499 3853 scripta.
524 3776 586 3853 Qui
603 3776 660 3836 lias
676 3776 780 3837 literas
796 3776 837 3836 ad
862 3787 892 3836 te
907 3776 992 3850 leret,
1015 3773 1233 3839 Cracoviensis
1256 3789 1303 3840 est
1327 3776 1412 3858 apud
1429 3798 1508 3839 suos
1523 3780 1632 3847 clarus,

185 3892 216 3941 et
239 3882 269 3940 in
287 3900 359 3940 meo
383 3881 536 3941 comitatu
558 3890 629 3940 toto
647 3879 708 3940 lroc
724 3882 833 3941 itinere
850 3881 913 3943 suit.
939 3880 1160 3959 Quamobrem
1176 3880 1372 3942 commendo
1389 3883 1444 3943 tibi
1461 3881 1632 3952 hominem,

185 3997 374 4065 gratumque
398 3984 470 4043 milri
496 3982 673 4043 admodum
698 3983 813 4051 seceris,
838 3988 861 4045 si
886 3985 1074 4047 intellexerit
1104 3987 1422 4048 commendationem
1447 4006 1552 4048 meam
1577 3989 1633 4048 sibi

185 4089 272 4168 apud
297 4102 328 4148 te
352 4088 538 4149 adiumento
562 4088 664 4149 luisse.

273 4294 405 4346 Zmlnene
426 4293 518 4345 vlistu
538 4292 633 4361 dobyti
653 4294 815 4347 Alexandrie
835 4295 868 4346 od
889 4295 970 4347 Petra
989 4294 1063 4347 ludle
1083 4295 1243 4363 Cyprslteho
1263 4295 1346 4348 udilo
1365 4312 1394 4348 se
1413 4312 1434 4349 r.
1449 4294 1526 4349 1365.
1545 4295 1636 4347 Tento

187 4381 243 4433 krail
263 4398 330 4432 svou
351 4380 426 4447 pouti
445 4397 480 4447 po
499 4381 615 4447 Europe,
635 4398 671 4431 na
690 4381 732 4432 nii
751 4381 851 4432 zavital
869 4382 932 4432 take
958 4381 991 4433 ke
1011 4383 1097 4434 dvoru
1116 4383 1198 4435 Karla
1216 4383 1253 4435 lV
1272 4383 1307 4434 do
1327 4383 1426 4450 Prahy,
1448 4381 1505 4450 jest
1523 4382 1636 4450 pameti·

187 4469 289 4534 bodny.
314 4468 421 4533 (Srovn.
440 4467 538 4518 eltnek
558 4468 589 4518 K.
607 4466 715 4534 Jirecka
736 4467 909 4519 »Guillaume
928 4469 962 4519 de
982 4468 1128 4520 llaehaut«
1149 4485 1166 4519 v
1178 4456 1240 4521 Cas.
1260 4461 1330 4521 Mus.
1350 4467 1418 4519 1878
1436 4476 1483 4522 str.
1504 4467 1556 4535 78.)
1587 4469 1636 4520 Ρο·

186 4555 324 4621 zdraveny‘
349 4554 384 4604 od
410 4554 566 4606 llohuslava
586 4555 655 4606 l'lrta
674 4541 831 4621 Svilrovslry
850 4571 865 4605 z
885 4553 1072 4607 Riesenberka
1099 4555 1145 4623 byl
1173 4556 1208 4607 od
1232 4572 1252 4607 r.
1274 4554 1341 4606 1479
1368 4554 1520 4623 nejvyltslm
1544 4556 1637 4608 sudlm

185 4659 202 4693 v
215 4640 363 4692 kralovstvi
383 4627 499 4692 cenem
519 4642 553 4707 (ο
573 4644 636 4692 nem
657 4641 700 4692 viz
719 4642 875 4694 Palacktho
898 4640 929 4703 ν,
950 4642 974 4704 1,
992 4643 1062 4710 arn).
