3660 5850
187 375 221 430 12
865 373 957 434 1486.

186 599 293 650 tamen
317 587 439 662 efficiet,
463 600 497 651 ut
520 600 629 650 nostra
652 590 696 650 ira
719 588 850 671 dignum
874 587 1019 650 iudicem.
1043 584 1212 649 Caeterum
1234 597 1277 659 tu,
1300 587 1324 646 si
1348 583 1469 655 honori,
1492 581 1517 642 si
1533 580 1635 641 famae

185 692 344 754 familiaris
367 695 411 754 tui
428 693 594 754 consulere
618 696 672 767 vis,
695 694 828 768 curabis
852 704 886 754 ut
907 692 1060 770 deinceps
1076 712 1094 751 a
1110 689 1201 752 simili
1217 690 1342 751 levitate
1357 687 1515 748 abstineat
1531 702 1637 763 neque

185 797 318 858 alionrnr
342 798 474 880 gloriam
499 799 557 858 sibi
581 809 719 875 usurpet.
744 797 854 857 Posset
878 799 961 857 enim
985 798 1016 857 in
1039 797 1222 875 quempiam
1247 794 1377 853 minime
1400 791 1461 851 mei
1477 787 1636 850 stomachi

185 901 332 976 incidere,
363 904 416 980 qui
447 914 478 962 et
514 903 570 963 toti
604 904 772 981 gymnasio
807 912 912 961 vestro
947 899 1178 978 impudentiam
1212 900 1278 959 eius
1312 907 1422 957 notam
1456 893 1572 954 laceret
1606 900 1637 951 et

184 1003 357 1067 Stesichori
380 1024 470 1065 more
493 1019 620 1067 cantare
643 1003 837 1084 palinodiam
861 1003 1075 1082 compelleret.
1100 1002 1189 1064 Vale.

272 1195 340 1261 Sirsi
364 1208 508 1276 objasneni
537 1209 600 1262 listu
627 1210 725 1262 tohoto
744 1226 760 1261 a
779 1208 979 1275 nasledujlciho
1006 1208 1154 1260 arrodeni
1182 1206 1255 1260 obou
1283 1205 1363 1274 podal
1388 1203 1461 1272 jsem
1489 1201 1637 1254 zvlastnim

185 1296 312 1350 blankern
331 1313 348 1347 v
362 1283 424 1350 Cas.
444 1296 513 1350 Mus.
534 1295 601 1349 18Ῑὸ
620 1313 656 1348 na
675 1304 722 1350 str.
740 1294 886 1349 unt-tut
907 1295 981 1350 Mitis
1000 1295 1080 1349 klade
1099 1294 1152 1347 oba
1170 1294 1235 1364 listy
1254 1293 1346 1363 mylne
1366 1309 1402 1345 na
1420 1307 1441 1344 r.
1463 1287 1539 1342 1501.

888 1633 933 1695 ll.

372 1787 592 1861 Bohuslav
618 1787 849 1861 Martinovi
879 1785 1116 1861 Pollichovi
1143 1784 1463 1858 zMellerstatu.

271 1929 347 2024 (lddss
367 1988 400 1996 -
418 1973 454 2015 na
471 1958 561 2024 timu.)
580 1958 696 2026 deuje‚
717 1958 748 2011 ie
768 1959 884 2027 veslery
903 1958 985 2027 styky
1001 1957 1185 2010 sKonradem
1204 1957 1366 2023 (Celtesem)
1385 1952 1511 2023 pierudil,
1529 1951 1644 2011 ῑνέἀέν,

186 2045 257 2097 ὄεὴο
277 2062 307 2097 se
327 2051 405 2097 tento
423 2045 551 2114 dopustil.
571 2045 749 2115 Doporuduje
769 2063 816 2098 mu
834 2045 995 2099 humanistu
1015 2045 1132 2098 Priama
1151 2044 1230 2112 (Luc.
1248 2042 1302 2110 98.)

272 2238 412 2300 lllartino
436 2238 610 2300 lllellerstat
634 2261 656 2302 s.
681 2262 710 2318 p.
735 2239 765 2300 d.
789 2239 921 2301 Mirifice
944 2240 1121 2301 delectatus
1144 2258 1217 2299 sum
1240 2239 1335 2300 literis
1351 2239 1420 2299 tuis¹
1444 2235 1544 2296 Erant
1561 2234 1645 2294 enim

186 2361 251 2404 non
281 2344 387 2404 solum
417 2342 538 2405 indices
569 2343 811 2406 benevolentiae
842 2355 915 2405 tuae
946 2347 976 2404 in
1005 2363 1057 2403 rne
1087 2342 1144 2404 sed
1171 2345 1265 2403 etiarn
1289 2340 1404 2420 plenae
1426 2340 1592 2402 suavitatis
1614 2346 1645 2397 et

185 2447 371 2529 elegantiae.
395 2446 513 2510 Scribis
536 2446 722 2509 Conradum
747 2448 784 2509 N.
809 2449 839 2508 in
856 2447 975 2509 Gallias
998 2450 1167 2509 secessisse
1183 2465 1289 2525 neque
1305 2445 1360 2505 tibi
1377 2445 1554 2522 quicquam
1570 2459 1645 2501 cum

185 2551 317 2612 homine
340 2553 523 2613 commercii
547 2571 589 2612 ex
614 2553 667 2613 illo
690 2566 837 2630 tempore
861 2552 964 2626 fuisse,
988 2571 1054 2631 quo
1071 2553 1213 2611 animum
1230 2568 1339 2610 meum
1355 2549 1398 2608 ab
1414 2567 1454 2608 eo
1471 2544 1643 2606 alienatum

185 2655 376 2716 intellexisti.
400 2654 474 2736 Ago
499 2657 555 2716 tibi
578 2659 707 2738 gratias:
734 2656 831 2717 nolim
856 2669 963 2717 tamen
987 2656 1070 2717 adeo
1094 2654 1255 2716 imbecillo
1278 2655 1388 2714 animo
1412 2652 1472 2712 abs
1489 2664 1521 2711 te
1536 2651 1644 2710 existi-

186 2761 273 2832 mari,
298 2771 331 2820 ut
348 2757 488 2821 Conradi
512 2761 621 2821 levitas
638 2761 713 2821 mini
738 2780 873 2842 magnae
890 2780 984 2822 curae
1008 2763 1055 2821 sit.
1079 2758 1268 2820 Admodum
1293 2759 1377 2817 enirn
1394 2757 1549 2816 miserum
1574 2772 1644 2813 esse

185 2875 359 2940 oporteret,
389 2866 439 2924 cui
463 2868 493 2923 in
516 2884 550 2924 re
573 2866 757 2943 praesertim
789 2863 921 2924 literaria
952 2866 1115 2945 negotium
1146 2863 1297 2923 exhibere
1327 2870 1447 2940 posset.
1486 2856 1644 2928 Socrates

185 2986 259 3027 curn
283 2967 457 3045 aliquando
473 2986 583 3049 pugno
598 2987 768 3046 percussus
785 2978 877 3039 esset,
900 2969 1009 3028 amicis
1025 2968 1169 3028 iniuriam
1187 2963 1404 3027 ulciscendam
1421 2962 1644 3023 censentibus:

189 3089 294 3143 anum,
311 3072 420 3148 inquit,
444 3073 568 3131 asinum
585 3090 724 3150 quoque,
748 3075 772 3132 si
790 3090 841 3130 me
857 3071 943 3131 calce
959 3071 1069 3137 leriret.
1093 3073 1124 3131 in
1141 3072 1190 3131 ius
1206 3067 1391 3130 vocareni?‹
1420 3064 1644 3144 Quamobrem

186 3192 246 3234 nos
270 3193 401 3253 quoque
425 3171 609 3235 Conradum
641 3176 744 3235 valere
776 3178 926 3248 sinamus,
957 3178 1032 3236 satis
1062 3194 1135 3234 narn
1165 3191 1345 3254 poenarum
1373 3171 1429 3232 luit
1452 3189 1521 3231 non
1545 3166 1645 3228 modo

185 3298 204 3337 a
228 3288 259 3337 te
275 3277 333 3337 sed
349 3279 454 3345 etiam,
477 3290 510 3339 ut
527 3277 632 3349 audio,
656 3279 697 3337 ab
713 3277 876 3338 academia
894 3278 1036 3356 Lipsensi
1054 3290 1180 3356 spretus
1196 3288 1228 3339 et
1243 3286 1459 3353 contemptus.
1484 3272 1645 3334 Fortassis

186 3384 281 3441 etiam
306 3381 366 3442 hac
397 3381 524 3441 infantia
554 3381 739 3443 admonitus
770 3383 903 3442 mutabit
936 3401 1050 3453 mores,
1082 3401 1187 3460 neque
1218 3380 1370 3457 deinceps
1398 3378 1429 3438 id
1452 3377 1646 3441 committet,

184 3485 274 3564 quod
299 3485 397 3545 semel
421 3496 578 3546 tentatum
603 3505 714 3563 parum
746 3505 898 3564 prospere
922 3489 1022 3546 cessit.
1059 3486 1171 3564 Neque
1203 3496 1261 3557 est,
1285 3482 1502 3563 quamobrem
1534 3495 1569 3541 tu
1600 3498 1646 3538 re·

185 3606 313 3648 cessum
344 3590 411 3648 eius
442 3589 551 3667 iniquo
584 3590 691 3649 anirno
723 3590 817 3648 ieras:
849 3592 1000 3668 quoniam
1032 3588 1070 3669 (si
1101 3590 1154 3649 tibi
1186 3589 1265 3649 haec
1296 3587 1516 3647 mansuetiora
1540 3582 1645 3644 studia

183 3691 338 3770 voluptati
363 3689 450 3771 sunt)
473 3692 634 3753 Priamum
658 3691 744 3770 apud
769 3702 799 3752 te
822 3693 921 3754 habes
943 3690 1094 3753 Conrado
1119 3695 1205 3752 omni
1229 3710 1346 3773 genere
1370 3689 1539 3750 doctrinae
1556 3707 1647 3766 prae-

185 3797 383 3867 stantiorem,
407 3814 502 3874 quern
528 3795 658 3874 quidem
681 3814 742 3876 ego
766 3794 848 3855 adeo
879 3797 933 3855 tibi
964 3795 1168 3868 commende,
1199 3807 1233 3855 ut
1264 3793 1338 3854 nihil
1370 3795 1418 3863 sit,
1446 3790 1539 3871 quod
1572 3790 1646 3850 mibi

184 3899 248 3959 hoc
271 3912 419 3976 tempore
441 3901 561 3980 gratius
585 3900 686 3959 lacere
710 3901 821 3976 possis,
846 3918 943 3978 quani
968 3901 992 3960 si
1015 3898 1177 3960 hominem
1194 3918 1258 3958 non
1282 3897 1432 3958 dilexeris
1455 3897 1574 3969 solum,
1590 3893 1646 3956 sed

184 4004 281 4064 etiarn
305 4005 478 4075 amaveris;
502 4020 687 4080 quanquam
711 4022 814 4079 spero,
838 4001 891 4061 ubi
915 4003 1075 4084 ingenium
1098 4014 1130 4063 et
1146 3982 1356 4062 eruditionem
1373 4001 1428 4060 viri
1445 4000 1646 4082 cognoveris,

184 4126 259 4166 euru
284 4107 379 4166 etiarn
405 4106 471 4165 sine
495 4105 590 4166 literis
614 4106 691 4164 meis
715 4104 801 4181 apud
825 4117 856 4165 tc
878 4108 1054 4186 gratiosum
1079 4106 1153 4166 fore.

272 4306 389 4372 Srovnej
409 4306 567 4374 poznAmlru
586 4306 679 4360 lrlistu
699 4308 881 4375 piedcslemu.
912 4309 1097 4377 Doporudeny'
1122 4311 1172 4362 zde
1193 4309 1354 4361 humanista
1371 4308 1427 4374 jest
1448 4308 1581 4361 Priamus
1599 4307 1647 4359 Ca·

184 4394 282 4463 pocius
302 4395 450 4462 zllarsaly
470 4410 506 4445 na
526 4392 621 4445 Sicilii.
653 4395 711 4461 '1¹52
730 4393 807 4445 slotil
825 4411 841 4444 a
859 4411 880 4446 r.
903 4395 968 4445 litati
986 4413 1002 4445 v
1023 4395 1126 4463 Lipsku
1149 4395 1249 4447 tislrem
1276 4396 1358 4463 vydal
1384 4394 1473 4446 bdseii
1495 4411 1532 4447 na
1551 4394 1648 4445 oslavu

184 4481 329 4533 Fridricha
353 4479 491 4533 lantkrabi
517 4479 711 4546 Durynslreho,
736 4497 879 4533 nazvanou
904 4480 1067 4532 Fridericeis
1096 4483 1214 4549 (Jiiclren
1235 4480 1555 4546 Gelehrten-Lexikon);
1575 4479 1583 4531 i
1602 4479 1648 4546 byl

184 4568 293 4635 prvnlm
313 4566 494 4620 humanistou
521 4565 649 4632 italskp'm
669 4583 686 4616 v
706 4565 809 4634 Lipsku
828 4568 992 4633 (Gretschel,
1021 4568 1072 4619 Die
1093 4568 1263 4620 Universitiit
1282 4568 1409 4636 Leipzig,
1430 4568 1561 4620 Dresden
1583 4563 1650 4617 luto

184 4662 232 4706 str.
253 4654 321 4717 lent),
341 4655 373 4705 ac
395 4652 507 4719 nebyl-li
525 4651 575 4718 jim
595 4651 694 4711 Celtes,
715 4653 791 4718 ktery'
811 4670 828 4703 v
846 4653 959 4705 matrice
979 4656 1086 4705 Nemcu
1106 4655 1254 4706 Bononske
1275 4672 1312 4706 na
1330 4672 1351 4706 r.
1373 4653 1443 4706 1470
1459 4655 1516 4721 jest
1536 4653 1648 4721 zapsdn.

183 4742 312 4806 (Ostatne
332 4739 364 4791 ic
385 4737 484 4790 Nemci
504 4737 622 4789 matrilru
641 4755 709 4789 svou
723 4755 739 4787 v
754 4739 871 4790 Bononii
891 4739 1022 4801 salsovali
1043 4740 1174 4807 (lokazuje
1194 4741 1298 4807 Geiger
1311 4757 1328 4790 v
1341 4739 1507 4792 Zeltschrist
1526 4739 1544 4792 f.
1564 4737 1649 4804 vergl.

185 4826 252 4877 Litt.
273 4826 376 4877 Gescb.
397 4824 429 4875 N.
449 4824 479 4875 F.
499 4823 539 4887 11„
558 4823 630 4890 illd.)
