3660 5850
183 297 218 352 24
859 291 951 353 1489.

186 510 353 586 linxerunt,
377 511 418 572 ab
441 511 508 572 aliis
531 529 565 570 se
585 507 742 571 audivisse
765 518 1028 569 commemorant.
1052 506 1137 589 Erga
1159 507 1303 586 hospites
1317 507 1446 589 benigni
1462 516 1544 580 sunt,
1560 504 1635 567 solis

185 625 291 677 tamen
316 615 371 688 his,
395 617 448 694 qui
472 615 653 697 germanica
676 613 782 694 lingua
805 623 943 683 utuntur,
974 612 1096 685 infensi,
1120 611 1209 690 quod
1240 631 1298 672 eos
1328 613 1470 672 maxime
1492 609 1635 692 religioni

186 736 262 780 suae
285 717 442 780 adversari
466 728 587 797 putant.
612 715 764 777 Feminae
783 735 894 777 eorum
912 716 990 776 facie
1013 715 1139 789 decora,
1162 716 1250 777 vultu
1266 714 1424 788 modest0,
1449 713 1636 792 corporibus

186 821 373 903 plerumque
397 823 512 895 obesis,
537 823 750 900 mammisque
772 830 806 882 ut
830 823 860 881 in
878 819 990 881 Meroe
1012 831 1106 880 natae
1129 819 1317 893 viderentur,
1344 819 1483 898 alloquio
1507 817 1636 890 blando,

186 927 318 989 illicibus
341 927 457 1002 oculis;
487 926 656 1004 amplexus
679 928 774 987 etiam
798 925 1017 1005 praesentibus
1041 924 1159 985 maritis
1181 923 1306 985 honesti
1330 933 1419 997 sunt;
1447 922 1556 984 oscula
1580 925 1635 982 im·

187 1030 356 1111 pudicitiae
379 1033 468 1113 signa
491 1031 719 1091 existimantur.
743 1029 867 1091 Pronus
893 1040 1026 1107 uterque
1057 1046 1154 1089 sexus
1177 1029 1207 1088 in
1231 1027 1401 1101 libidinem,
1431 1026 1528 1089 facilis
1551 1026 1636 1086 enim

188 1136 339 1198 transitus
363 1147 409 1197 est
432 1155 451 1196 a
474 1132 589 1198 Cerere
612 1145 644 1196 et
667 1133 785 1195 Libero
808 1133 850 1195 ad
865 1132 1034 1195 Venerem.
1059 1131 1173 1212 Neque
1196 1143 1316 1206 tamen,
1336 1131 1425 1211 quod
1442 1133 1557 1192 mirum
1581 1140 1636 1200 est,

188 1241 220 1302 in
243 1248 330 1301 tanta
354 1239 433 1300 urbe
456 1236 555 1302 ullum
578 1237 721 1319 lupanar,
744 1240 833 1300 cuius
856 1240 897 1299 rei
920 1248 1068 1299 auctores
1090 1236 1283 1311 sacerdotes
1314 1238 1368 1318 qui
1391 1235 1514 1299 nullum
1538 1236 1637 1296 mani·

190 1343 306 1406 festum
345 1342 496 1406 delictum
534 1345 631 1406 etiam
669 1343 798 1406 maioris
831 1341 904 1404 mali
944 1341 1064 1404 vitandi
1105 1344 1204 1425 gratia
1246 1339 1459 1404 tollerandum
1496 1339 1637 1414 credunt

190 1449 363 1530 quinetiam
387 1459 491 1510 scorta
513 1449 545 1509 in
568 1447 698 1529 publico
714 1447 911 1528 deprehensa
934 1446 1100 1508 traduntur
1123 1447 1154 1507 in
1170 1465 1329 1508 carcerem
1353 1457 1518 1528 tamquam
1531 1445 1638 1526 magni

190 1552 320 1616 alicuius
342 1552 480 1615 criminis
504 1572 565 1614 rea.
589 1550 738 1616 Cetemm
762 1554 816 1613 vix
831 1550 965 1614 domum
982 1552 1129 1624 invenies,
1153 1552 1184 1612 in
1199 1571 1264 1631 qua
1283 1550 1368 1613 nulla
1384 1550 1527 1630 lupanari
1542 1547 1639 1631 digna

192 1659 263 1732 sint,
287 1658 406 1719 utiam
430 1655 518 1735 apud
541 1655 722 1718 Germanos
745 1655 893 1735 frequens
916 1655 1120 1733 proverbium
1149 1657 1188 1718 sit
1216 1654 1427 1734 prostibulum
1451 1654 1573 1735 Pragae
1596 1656 1640 1714 in-

191 1761 305 1824 cendio
328 1763 536 1839 absumptum
553 1780 631 1834 esse,
655 1759 713 1822 sed
729 1761 797 1822 eius
818 1759 952 1820 incendii
976 1759 1122 1838 reliquias
1137 1779 1195 1838 per
1211 1769 1312 1821 totam
1336 1760 1449 1821 urbem
1472 1757 1639 1837 dispersas

189 1864 308 1947 lllagna
332 1865 361 1929 in
386 1863 448 1925 hoc
470 1863 593 1944 populo
623 1865 884 1945 superstitionum
908 1864 1040 1937 licentia,
1069 1881 1174 1942 neque
1203 1866 1352 1942 cuiquam
1375 1861 1476 1924 fraudi
1501 1873 1549 1923 est
1572 1861 1640 1922 reli-

188 1971 326 2051 gionem,
349 1987 447 2047 quam
463 1967 537 2042 vult,
561 1969 659 2049 sequi.
683 1967 767 2029 Nam
783 1978 818 2028 ut
833 1980 957 2030 taceam
974 1966 1171 2028 Wiklefistas
1194 1978 1225 2029 et
1241 1986 1324 2046 quos
1339 1965 1452 2048 vulgus
1468 1965 1640 2027 Pichardos

189 2070 335 2154 appellat,
366 2082 439 2133 sunt
470 2073 524 2150 qui
552 2071 661 2154 Jesum
692 2070 852 2135 Christum
888 2070 1078 2133 salvatorem
1109 2081 1255 2132 nostrum
1289 2070 1396 2133 Deum
1429 2081 1557 2154 negant,
1592 2069 1640 2129 alii

189 2180 312 2239 animas
334 2187 460 2238 nostras
483 2195 556 2237 cum
587 2177 774 2256 corporibus
804 2176 897 2238 simul
921 2177 1046 2237 interire
1076 2177 1172 2249 aiunt,
1203 2175 1347 2237 nonnulli
1376 2192 1642 2254 unumquemque

190 2284 220 2343 in
246 2280 309 2344 fide
331 2300 389 2342 sua
412 2280 523 2342 salvari
546 2298 643 2360 posse
666 2281 831 2355 affirmant,
856 2281 997 2360 plerique
1020 2291 1126 2342 autem
1162 2298 1295 2361 superos
1318 2280 1499 2360 inferosque
1529 2297 1643 2339 omnes

191 2385 284 2447 fictos
307 2404 378 2446 esse
401 2387 592 2447 arbitrantur
615 2395 646 2446 et
670 2387 834 2446 innumera
858 2384 1049 2455 huiusmodi,
1072 2403 1156 2463 quae
1182 2393 1298 2461 sponte
1320 2395 1493 2464 praetereo.
1528 2383 1643 2461 Neque

194 2489 256 2552 hoc
278 2488 384 2551 solum
407 2490 522 2550 sentire
545 2488 602 2551 sed
631 2487 737 2568 palam
760 2489 943 2569 praedicare
975 2489 1053 2550 licet.
1092 2487 1281 2566 Disputatur
1310 2490 1428 2568 passim
1453 2486 1494 2548 de
1517 2486 1590 2559 lide,
1613 2497 1643 2547 et

191 2612 285 2656 senes
308 2604 339 2655 et
356 2595 493 2668 iuvenes,
516 2595 571 2655 viri
588 2604 619 2654 et
635 2593 782 2655 mulieres
797 2596 984 2672 scripturam
1000 2610 1132 2667 sacram,
1156 2611 1253 2672 quam
1277 2611 1442 2673 nunquam
1458 2591 1643 2662 didicemnt‚

192 2707 223 2758 et
247 2696 365 2758 docent
397 2708 428 2758 et
459 2697 713 2777 interpretantur.
752 2697 822 2760 Nec
845 2696 907 2759 ulla
938 2707 1032 2770 secta,
1063 2717 1137 2758 cum
1169 2700 1305 2778 primum
1335 2699 1366 2759 in
1396 2697 1500 2759 lucem
1530 2695 1644 2775 prodit,

193 2801 452 2880 astipulatoribus
467 2812 553 2863 caret
583 2800 689 2864 Tanta
711 2814 758 2864 est
782 2804 874 2863 ineis
897 2821 1001 2863 rerum
1021 2820 1177 2863 novarum
1201 2800 1340 2863 aviditas.
1364 2800 1502 2863 Feroces
1517 2810 1591 2862 sunt
1614 2811 1644 2861 et

192 2907 301 2966 animo
324 2904 365 2966 ad
388 2907 569 2985 superbiam
597 2905 748 2985 proclivo,
778 2925 899 2986 quippe
931 2909 984 2985 qui
1009 2906 1128 2967 nullam
1158 2907 1329 2967 vicinarum
1359 2906 1502 2988 gentium
1535 2923 1644 2965 secum

193 3011 340 3071 virtutem
365 3010 535 3088 exaequari
559 3020 717 3088 quaerunt
740 3007 819 3093 (sic).
845 3009 950 3072 Facile
974 3010 1216 3085 tumultuantur,
1240 3028 1438 3089 quamquam
1461 3009 1517 3070 ubi
1532 3007 1646 3070 tumul·

194 3113 275 3174 tuari
298 3113 458 3193 incipiunt.
482 3132 548 3174 non
571 3125 645 3176 sunt
669 3114 718 3187 hii,
742 3116 796 3194 qui
820 3115 909 3176 facile
933 3113 1036 3175 sedari
1052 3126 1200 3192 possent;
1222 3125 1317 3176 ruunt
1340 3132 1536 3193 quocunque
1560 3113 1645 3173 furor

194 3227 226 3278 et
250 3217 352 3277 rabies
376 3216 468 3288 ducit,
495 3237 600 3297 neque
626 3221 718 3280 rectis
741 3219 880 3280 consiliis
903 3231 999 3298 atque
1026 3218 1298 3280 admonitionibus
1324 3219 1430 3281 locum
1458 3218 1645 3295 relinquunt.

195 3319 263 3384 Sub
287 3318 468 3383 Venceslao
500 3341 574 3404 rege
605 3324 751 3402 primum,
783 3323 898 3384 deinde
929 3324 1023 3384 etiam
1055 3325 1115 3385 sub
1146 3319 1353 3405 Sigismundo
1383 3325 1594 3403 irrumpentes
1617 3323 1646 3380 in

197 3436 344 3486 senatum
369 3443 490 3498 omnes,
514 3429 568 3505 qui
592 3427 733 3502 aderant,
756 3430 873 3508 partim
896 3427 1008 3509 gladiis
1031 3428 1262 3501 interfecerunt,
1285 3428 1400 3507 partim
1423 3445 1466 3487 ex
1490 3424 1648 3487 altissimis

197 3529 341 3590 fenestris
361 3530 616 3608 praecipitarunt.
641 3531 728 3592 ldem
745 3543 849 3593 aetate
865 3551 997 3611 quoque
1012 3543 1120 3593 nostra
1136 3533 1197 3593 sub
1213 3531 1390 3591 Wladislao
1409 3548 1485 3612 rege
1501 3530 1649 3601 fecerunt,

197 3634 316 3693 utiam
341 3632 487 3693 ordinem
511 3637 704 3696 senatorium
727 3635 848 3717 Pragae
871 3637 1033 3715 imprecari
1058 3638 1087 3696 in
1112 3635 1287 3696 maledictis
1311 3637 1357 3696 sit.
1383 3632 1498 3712 Neque
1521 3652 1561 3693 eo
1577 3650 1651 3692 con·

196 3737 273 3798 tenti
290 3735 481 3798 ludaeomm
497 3737 615 3799 domos
631 3739 833 3819 diripuerunt,
857 3739 1030 3818 spoliarunt
1048 3742 1248 3813 monasteria,
1271 3737 1435 3820 religiosos
1450 3749 1483 3798 et
1498 3738 1650 3814 cuiusque

198 3841 323 3922 generis
346 3840 500 3914 homines
523 3844 576 3921 qui
600 3840 767 3904 Romanae
790 3844 1008 3906 adhaerebant
1038 3845 1199 3917 ecclesiae,
1227 3844 1305 3904 urbe
1332 3845 1499 3904 eiecerunt.
1538 3839 1651 3919 Iniquo

199 3946 307 4005 animo
331 3945 413 4012 talia,
437 3955 504 4006 tum
527 3946 660 4007 caedem
684 3958 820 4022 senatus,
852 3948 1049 4010 ll'ladislaus
1071 3948 1151 4021 tulit,
1182 3966 1350 4028 procerum
1372 3964 1505 4026 quoque
1535 3962 1652 4026 magna

199 4065 272 4127 pars
295 4058 326 4107 et
343 4046 485 4127 optimus
508 4050 642 4129 quisque
666 4053 780 4113 civium
796 4053 985 4131 popularem
1009 4053 1090 4113 lianc
1105 4053 1264 4113 licentiam
1287 4067 1485 4132 magnopere
1507 4047 1652 4109 abhomi-

201 4152 266 4212 nati
290 4162 379 4211 sunt:
403 4171 507 4232 neque
523 4168 685 4234 praeterea
709 4159 880 4236 quicquam
906 4157 979 4217 iude
995 4166 1140 4218 secutum
1164 4166 1222 4216 est.
1246 4155 1326 4233 Quis
1342 4156 1427 4214 enim
1451 4150 1556 4213 scelus
1578 4169 1655 4211 con-

200 4257 314 4316 citatae
331 4255 540 4319 multitudinis
556 4259 644 4320 facile
660 4263 804 4343 corrigar.
828 4263 1011 4341 praesertim
1034 4280 1109 4321 cum
1133 4280 1197 4320 non
1214 4259 1371 4331 deessent,
1394 4260 1448 4337 qui
1465 4276 1532 4318 non
1547 4255 1654 4317 solum

202 4369 392 4419 excusarent
417 4360 545 4436 facinus,
568 4363 625 4424 sed
648 4366 744 4424 etiam
768 4378 853 4424 recte
876 4365 994 4426 factum
1018 4363 1257 4425 contenderent.
1284 4362 1442 4423 Dicebant
1465 4380 1523 4421 eos
1546 4361 1655 4420 nescio

202 4462 280 4543 quid
292 4465 321 4523 in
333 4466 504 4543 perniciem
517 4468 708 4546 reipublicae
725 4469 923 4529 machinatos
935 4489 1013 4541 esse,
1026 4468 1189 4550 tingebant
1202 4466 1485 4546 impudentissime,
1502 4461 1656 4544 quicquid

202 4586 269 4628 rem
293 4568 492 4629 verisimilem
517 4571 658 4643 faciebat,
682 4574 861 4634 obiciebant
886 4575 1019 4634 mortuis
1041 4574 1179 4644 crimina,
1202 4590 1275 4632 cum
1299 4573 1361 4632 iam
1385 4570 1513 4630 obiecta
1536 4566 1657 4629 diluere

204 4688 270 4729 non
295 4683 443 4749 possent;
466 4685 496 4734 et
521 4686 686 4756 tamquam
709 4697 775 4738 nou
799 4689 882 4738 esset
898 4680 973 4738 satis
995 4680 1091 4738 sitam
1114 4678 1159 4737 eis
1174 4673 1350 4747 abstulisse,
1374 4673 1509 4734 infames
1525 4690 1658 4752 quoque

203 4773 336 4835 reddere
359 4776 575 4859 sathagebant.
615 4780 706 4859 Quae
729 4783 831 4843 stultis
854 4794 884 4843 et
908 4801 1012 4842 rerum
1036 4783 1179 4841 omnium
1203 4780 1353 4858 imperitis
1376 4778 1507 4838 forsitan
1529 4795 1660 4854 persua·

205 4893 328 4940 serunt:
352 4881 592 4957 lutulenriorum
620 4897 704 4945 certe
729 4887 889 4946 mentibus
912 4885 1064 4945 haerebat
1091 4896 1179 4945 aetas
1202 4884 1437 4944 interfectorum
1468 4893 1557 4943 caste
1580 4881 1661 4941 inte

206 5000 328 5062 greque
352 4995 423 5042 aeta
447 5000 476 5046 et
505 5007 578 5051 vox.
609 5009 706 5067 quam
735 4991 877 5068 plerique
908 5008 1020 5051 eorum
1054 4991 1224 5049 morientes
1254 4986 1385 5067 quidem
1415 4984 1473 5047 sed
1503 4983 1661 5045 libertatis

207 5104 284 5145 suae
307 5089 436 5146 minime
460 5089 547 5151 olliti
563 5104 594 5152 et
619 5105 732 5152 testem
756 5095 956 5155 innocentiae
972 5105 1002 5153 et
1019 5094 1149 5152 maximi
1166 5092 1262 5152 animi
1286 5090 1423 5153 indicem
1438 5087 1662 5168 profuderunt.

208 5185 373 5271 Ingenium
391 5190 461 5251 huie
486 5195 609 5272 populo
626 5218 643 5256 a
661 5210 772 5259 natura
796 5200 871 5258 satis
887 5209 1015 5259 acutum
1031 5207 1088 5263 est.
1111 5195 1169 5256 sed
1186 5195 1263 5255 lusu
1279 5207 1311 5255 et
1327 5193 1450 5256 desidia
1469 5192 1665 5272 plerumque
