3660 5850
825 417 921 477 1500.
1547 418 1601 473 113

167 632 226 693 nihi
250 633 380 695 consilia
403 634 489 703 haec,
506 646 537 695 et
553 634 649 695 veluti
666 633 795 693 fulmine
818 633 979 706 attonitus,
1003 650 1158 711 quorsum
1181 651 1215 692 se
1238 642 1347 704 vertat,
1370 634 1483 693 nescit:
1507 633 1604 692 itaet

167 757 214 817 go
230 737 325 799 literis
340 740 402 799 tuis
418 739 551 801 affectus
567 757 647 812 sum,
663 747 697 798 ut
713 756 826 817 pamm
842 735 918 796 mihi
933 745 1087 797 constem.
1105 734 1219 816 Neque
1235 736 1276 796 ita
1293 735 1371 796 haec
1386 735 1444 796 abs
1460 746 1491 796 te
1507 736 1605 814 accipi

167 840 257 915 elim,
272 851 425 921 tanquam
443 842 590 914 honores,
607 860 689 921 quos
713 840 788 901 mihi
811 841 953 921 ingerere
976 840 1107 913 conaris
1123 858 1266 919 unquam
1288 851 1343 901 aut
1362 841 1533 900 amaverim
1550 850 1604 900 aut

167 944 331 1007 rdmiratus
353 946 421 1006 sim.
448 944 523 1007 Scio
546 948 630 1008 enim
654 945 724 1006 illos
747 942 887 1005 caducos
910 953 1221 1023 momentaneosque
1244 962 1324 1018 esse,
1354 943 1421 1005 scio
1444 943 1606 1005 laboribus

167 1049 365 1129 ›ericulisque
399 1060 528 1119 scatere,
563 1052 628 1110 seio
659 1070 678 1109 a
709 1048 943 1125 sapientissimo
973 1065 1105 1128 quoque
1131 1046 1205 1108 nihil
1236 1045 1320 1109 aliud
1349 1065 1447 1127 quam
1478 1046 1605 1108 dulcem

167 1153 338 1213 imariciem
352 1155 531 1215 existimari.
556 1151 725 1214 Caeterum
746 1162 801 1213 tuo
818 1153 849 1212 in
868 1169 919 1211 me
935 1150 1081 1212 omando
1098 1149 1371 1231 provehendoque
1387 1150 1493 1212 studio
1510 1162 1607 1232 atque

167 1255 316 1338 liligentia
347 1256 427 1318 ultra
457 1277 555 1338 quam
583 1257 644 1317 dici
671 1266 777 1335 potest
808 1254 957 1316 delector.
996 1253 1063 1314 Nisi
1094 1256 1177 1315 enim
1201 1273 1307 1315 mores
1330 1273 1422 1316 meos
1443 1256 1607 1334 probares,

167 1360 216 1421 risi
238 1359 376 1422 literulas
399 1371 532 1435 nostras,
555 1359 795 1441 qualescunque
817 1370 925 1421 tamen
941 1368 1023 1431 sunt,
1047 1376 1112 1418 non
1127 1360 1259 1420 omnino
1275 1370 1505 1433 contemneres,
1529 1376 1608 1420 nun-

167 1481 257 1544 quam
279 1462 361 1525 hanc
383 1464 533 1526 subiisses
555 1465 759 1544 provinciam,
775 1481 880 1544 neque
903 1472 934 1523 te
957 1480 1030 1523 cum
1053 1461 1187 1523 aliorum
1206 1471 1276 1523 tum
1292 1463 1501 1540 potentissimi
1523 1481 1610 1522 com-

167 1568 303 1629 )etitoris
325 1568 461 1629 invidiae
484 1587 543 1648 pro
567 1588 619 1629 me
643 1567 822 1629 obiecisses.
846 1564 921 1645 Quo
937 1567 1121 1647 gravissimo
1137 1563 1300 1629 Sslechtae
1316 1568 1378 1627 mei
1395 1566 1510 1628 iudicio
1526 1565 1610 1627 adeo

167 1671 279 1745 exult0,
302 1674 423 1733 utiam
454 1671 527 1733 nihil
556 1671 692 1733 felicitati
723 1690 814 1732 meae
844 1670 958 1732 deesse
980 1671 1119 1732 arbitrer.
1157 1667 1325 1731 Caeterum
1349 1682 1457 1749 patere
1480 1688 1611 1750 quaeso,

167 1773 306 1849 loannes
331 1795 383 1836 me
405 1775 564 1837 candidati
589 1759 774 1854 personam'
792 1773 1019 1855 aliquantisper
1049 1774 1214 1853 deponere
1244 1785 1276 1834 et
1303 1793 1404 1836 unum
1427 1794 1469 1836 ex
1492 1793 1532 1835 eo
1556 1792 1612 1834 nu-

167 1898 251 1940 mero
275 1897 353 1953 esse,
378 1883 431 1958 qui
455 1879 603 1961 suffragia
626 1878 737 1940 lerunt.
768 1876 839 1960 Ego
861 1879 946 1938 enim
970 1881 1013 1939 ita
1036 1876 1169 1939 demum
1192 1879 1369 1939 institutum
1392 1888 1484 1940 tuum
1507 1877 1613 1951 laudo,

167 1984 196 2056 si,
219 2002 304 2064 quae
333 1985 408 2066 agis,
437 2003 455 2044 e
479 2003 512 2044 re
543 1983 696 2044 ecclesiae
718 1980 984 2044 Wratislaviensis
1006 2000 1076 2042 esse
1089 2001 1218 2054 censes
1250 1981 1345 2043 faveri
1368 1993 1477 2043 autem
1500 1982 1558 2042 abs
1581 1991 1613 2041 te

167 2087 303 2168 dignitati
328 2106 420 2148 meae
442 2106 516 2148 cum
539 2088 606 2147 eius
629 2087 766 2165 pernicie
790 2088 918 2146 minime
942 2084 1043 2146 velim.
1067 2085 1133 2146 Vix
1156 2088 1240 2146 enim
1264 2098 1368 2148 tutum
1384 2097 1432 2148 est
1448 2105 1522 2148 eum
1539 2103 1616 2146 one·

167 2194 264 2252 rariae
287 2193 358 2253 navi
375 2191 511 2270 praefici,
523 2192 588 2270 qui
608 2189 785 2252 naviculam
802 2189 940 2251 duorum
957 2190 1150 2252 scalmorum
1166 2209 1332 2270 nunquam
1348 2203 1487 2264 rexerat,
1511 2208 1616 2270 neque

167 2299 240 2368 scio,
263 2314 305 2355 an
328 2315 472 2377 unquam
495 2297 599 2356 minus
622 2296 778 2356 amicitiae
801 2294 1006 2355 tribuendum
1030 2304 1087 2367 est,
1111 2312 1207 2372 quam
1232 2295 1285 2356 ubi
1309 2294 1471 2373 republica
1493 2305 1548 2355 aut
1571 2313 1618 2355 re-

166 2400 238 2480 ligio
260 2401 292 2459 in
315 2398 495 2461 discrimine
516 2410 666 2460 versatur.
690 2395 784 2459 Certe
807 2400 832 2458 si
855 2399 949 2459 nobis
972 2417 1032 2476 pro
1054 2399 1137 2480 agris
1161 2399 1380 2479 membrisque
1401 2398 1618 2460 dimicandum

167 2515 256 2576 esset,
281 2505 437 2564 rimareris
459 2515 565 2565 tecum
597 2504 705 2564 omnia
728 2514 759 2563 et
782 2503 836 2564 diu
865 2501 978 2564 sedulo
1002 2521 1160 2581 pensares
1191 2505 1339 2582 quisnam
1369 2503 1506 2564 idoneus
1527 2511 1618 2564 tanto

167 2607 249 2668 bello
273 2608 445 2685 imperator
467 2619 566 2668 esset:
591 2618 714 2688 quanto
738 2610 861 2668 cautius
885 2616 916 2668 te
940 2606 970 2667 id
994 2608 1025 2667 in
1046 2617 1225 2684 praesentia
1241 2625 1352 2667 curare
1367 2625 1508 2686 aequum
1524 2617 1616 2679 esset,

167 2731 264 2792 quum
295 2723 456 2774 certamen
478 2711 520 2771 ab
543 2731 582 2771 eo
606 2711 698 2772 hoste
721 2712 894 2783 immineat,
926 2711 1069 2790 quinon
1099 2730 1195 2793 agros
1217 2710 1275 2772 sed
1297 2713 1420 2772 animas
1442 2712 1537 2773 nobis
1559 2713 1616 2771 eri-

167 2835 240 2894 pere
263 2818 357 2894 cupit.
382 2815 496 2895 Neque
519 2826 575 2888 est,
608 2834 663 2875 cur
685 2813 824 2876 literulas
854 2826 980 2875 nostras
1010 2825 1119 2876 tantae
1149 2814 1223 2875 moli
1248 2814 1393 2876 sufficere
1416 2833 1512 2895 posse
1535 2815 1616 2875 arbi-

167 2923 263 2993 treris,
287 2938 370 2999 quae
392 2931 424 2981 et
454 2919 601 2981 modicae
627 2931 701 2981 sunt
724 2930 756 2980 et
779 2921 908 2979 minime
938 2918 1065 2980 assidua
1095 2921 1323 2981 exercitatione
1350 2922 1490 3002 vigorem
1515 2930 1545 2980 et
1569 2917 1617 3001 (ut

167 3026 207 3084 ita
229 3022 377 3105 dixerim)
401 3026 546 3103 spiritum
569 3025 808 3104 acquisiverunt,
832 3022 919 3083 unde
942 3022 985 3096 fit,
1009 3033 1043 3084 ut
1066 3022 1108 3084 ad
1131 3043 1181 3084 res
1205 3023 1345 3105 agendas
1368 3043 1481 3104 parum
1498 3023 1617 3085 fructus

167 3127 308 3189 aflerant.
331 3126 382 3188 Tu
406 3147 546 3208 quoque,
576 3128 607 3188 ni
639 3126 737 3201 lallor,
766 3144 886 3207 equum
916 3127 1108 3188 indomitum
1138 3126 1249 3188 malles
1271 3129 1446 3189 exercitato
1470 3129 1616 3208 equisoni

167 3251 264 3313 quam
288 3231 413 3292 literato
436 3232 643 3302 committere,
674 3250 859 3312 quanquam
891 3232 916 3290 is
938 3249 1072 3311 graecos
1103 3231 1282 3311 latinosque
1312 3240 1468 3306 auctores,
1499 3233 1551 3312 qui
1576 3230 1617 3292 de

167 3355 323 3417 equorum
347 3355 422 3397 cura
445 3338 644 3414 scripserunt,
669 3334 907 3415 diligentissime
931 3335 1107 3396 evolvisset.
1131 3335 1195 3398 Sed
1218 3336 1298 3397 haec
1322 3338 1430 3397 omnia
1447 3347 1480 3397 tu
1495 3333 1618 3406 videris,

167 3459 226 3521 ego
250 3441 335 3500 enim
359 3438 502 3502 Sslechta
527 3439 665 3500 ducente
689 3438 791 3500 nullas
814 3438 954 3499 hostium
978 3437 1105 3499 insidias
1129 3451 1247 3502 metuo.
1288 3440 1378 3501 Haec
1401 3438 1443 3500 ad
1466 3459 1511 3512 ea,
1535 3456 1619 3519 quae

167 3544 333 3606 vernacula
357 3544 464 3626 lingua
487 3545 645 3622 scripsisti.
677 3541 770 3604 Nunc
793 3542 898 3604 alteris
921 3544 1017 3604 literis
1040 3546 1101 3604 tuis
1124 3543 1337 3623 respondebo,
1369 3544 1484 3624 quibus
1508 3555 1540 3605 te
1562 3562 1618 3603 ex-

167 3666 268 3721 cusas
292 3645 380 3728 quod
404 3649 436 3707 in
468 3665 502 3706 re
533 3646 667 3708 literaria
698 3646 908 3729 negligentior
938 3646 1013 3707 mihi
1044 3649 1128 3709 visus
1159 3648 1208 3708 sis.
1247 3646 1352 3709 Facile
1375 3649 1460 3709 enim
1482 3646 1619 3708 admitto

167 3755 390 3814 excusationes
413 3761 493 3825 tuas,
523 3761 555 3811 et
578 3769 661 3831 quae
684 3752 801 3829 scripsi,
829 3752 871 3811 ita
893 3753 994 3830 accipi
1017 3751 1119 3828 velim,
1147 3754 1237 3833 quasi
1260 3751 1384 3814 caviller
1415 3762 1530 3825 tecum,
1553 3770 1619 3812 non

167 3855 379 3936 expostulem.
417 3854 581 3935 Quidnam
609 3854 685 3915 mihi
708 3857 816 3917 animo
847 3866 904 3917 tuo
934 3865 990 3918 aut
1013 3855 1174 3938 diligentia
1197 3855 1414 3936 exploratius?
1451 3853 1619 3919 Caeterum

167 3963 272 4033 miror,
303 3957 393 4040 quod
424 3978 529 4040 neque
559 3959 758 4020 voluminum
789 3960 850 4037 περὶ
882 3960 978 4040 ἀρχῶν
1008 3979 1112 4041 neque
1143 3959 1297 4032 codicem,
1329 3956 1399 4043 (sic)
1424 3978 1520 4041 quem
1544 3959 1619 4020 mihi

167 4067 251 4147 regia
283 4063 478 4125 bibliotheca
509 4064 614 4137 debet,
646 4065 844 4152 mentionem
873 4064 977 4127 iacias.
1016 4062 1245 4143 Quamobrem,
1278 4065 1304 4127 si
1334 4083 1386 4125 me
1417 4066 1491 4125 sinis
1522 4063 1620 4143 paulo

166 4170 432 4248 importuniorem
463 4187 542 4243 esse,
573 4186 705 4249 quaeso,
736 4179 770 4229 ut
797 4167 877 4229 haec
900 4188 1030 4248 quoque
1058 4169 1113 4230 tibi
1137 4188 1231 4231 curae
1253 4171 1323 4229 sint.
1361 4167 1411 4229 De
1434 4167 1621 4230 Ptolemaeo

167 4292 283 4355 graeco
307 4272 381 4333 nihil
405 4272 510 4334 dicere
533 4272 650 4346 audeo,
678 4292 718 4333 ne
743 4272 884 4332 fortassis
908 4273 1123 4350 impudentior
1145 4276 1213 4346 sim,
1244 4292 1342 4353 quem
1366 4283 1473 4333 tamen
1497 4275 1521 4333 si
1545 4272 1621 4334 mihi

167 4378 293 4458 aregia
320 4379 486 4438 maiestate
517 4377 742 4454 impetraveris,
775 4376 899 4454 oppido
930 4396 982 4437 me
1013 4376 1169 4439 donatum
1200 4378 1332 4454 putabo.
1371 4376 1621 4439 hlicrocosmum

167 4492 256 4542 tuum
282 4478 427 4540 nondum
450 4479 520 4551 vidi,
544 4490 641 4559 atque
664 4479 738 4540 ideo
762 4480 913 4541 iudicium
930 4499 1037 4541 meum
1054 4480 1194 4560 proferre
1211 4499 1275 4541 non
1292 4498 1435 4558 possum.
1458 4479 1524 4543 Sed
1540 4499 1623 4562 quae

167 4582 314 4646 Slechtae
336 4581 496 4644 literatura
520 4582 747 4664 ingeniumque
770 4594 825 4655 est,
849 4603 914 4644 non
929 4604 1048 4658 vereor,
1071 4584 1205 4665 nequid
1222 4586 1392 4657 contineat,
1416 4583 1504 4664 quod
1520 4587 1622 4645 autori

166 4685 423 4748 erubescendum
452 4689 499 4748 sit.
538 4685 629 4761 Vale,
661 4686 885 4748 iucundissime
917 4690 958 4748 mi
982 4687 1134 4761 Sslechta‚
1163 4688 1286 4768 tibique
1316 4688 1482 4767 persuade,
1513 4706 1623 4767 quem·

167 4810 296 4872 cunque
319 4790 453 4852 tandem
477 4789 575 4852 linem
590 4802 726 4852 conatus
742 4793 785 4852 tui
803 4790 979 4865 habuerint,
1004 4812 1056 4852 me
1073 4791 1302 4853 beneficiorum
1318 4790 1481 4853 Sslechtae
1498 4811 1625 4870 semper

168 4913 348 4956 memorem
372 4894 447 4955 fore.
470 4893 574 4956 Datae
598 4915 683 4956 anno
708 4892 822 4956 Christi
850 4895 932 4958 1500
956 4895 1149 4956 Novembris
1171 4895 1291 4957 XXVI.

256 5063 381 5117 Minen-li
405 5064 501 5117 sokem
521 5082 538 5115 v
558 5063 758 5132 lroadjutorstvl
778 5066 995 5118 Vratislavslrem
1015 5066 1122 5118 vevoda
1140 5066 1278 5134 Teslnslry'
1297 5066 1323 5119 ti
1342 5066 1441 5128 Turzo,
1461 5066 1526 5118 nenl
1548 5067 1625 5119 zcela

169 5153 300 5205 zietelno.
321 5151 418 5203 Srovn,
437 5150 482 5202 list
502 5149 532 5202 'll
554 5166 571 5201 a
588 5150 745 5218 poznamlru
764 5150 781 5202 k
799 5153 890 5203 nemu.
911 5152 1060 5205 Volumina
1079 5154 1140 5217 arpi
1159 5149 1250 5219 ἀρχῶν
1266 5152 1321 5220 jest
1339 5153 1499 5218 Origenovo
1517 5154 1573 5206 dilo
1591 5154 1625 5205 de

170 5236 323 5306 principiis,
342 5237 447 5289 ladani
470 5235 507 5303 jil
530 5253 548 5287 v
567 5236 628 5289 liste
647 5236 689 5288 Gt),
721 5236 945 5289 Ofilosoliclrem
971 5239 1026 5291 dile
1045 5227 1194 5292 Slechtove
1221 5239 1457 5292 »llilrrokosmus«
1483 5239 1555 5292 bude
1580 5242 1626 5292 iei

171 5326 243 5394 jelte
263 5342 280 5375 v
299 5323 398 5376 listech
417 5323 585 5392 pozdejeich.

223 5444 325 5486 Sblrha
344 5444 482 5496 pramend.
502 5446 597 5497 Skuplua
610 5445 685 5487 druht.
704 5437 763 5487 Clslo
778 5446 797 5488 1.
1456 5452 1473 5500 ὅ
