3660 5850
187 363 220 419 16
860 357 953 424 148⁷.

183 577 368 658 consiliique
391 579 435 638 tui
458 575 636 651 ostendere,
666 577 843 639 sedetiam
867 577 973 639 multis
996 576 1156 656 praesidio
1187 588 1284 657 atque
1307 574 1399 639 saluti
1426 595 1496 637 esse
1519 575 1637 654 possis.

185 682 299 762 Neque
323 685 407 742 enim
430 700 550 753 vereor,
574 694 665 743 netu
688 685 792 745 omnis
815 683 980 745 doctrinae
995 695 1027 743 et
1045 684 1164 744 virtutis
1187 681 1354 760 speculum
1376 679 1467 742 aliter
1490 692 1521 743 te
1536 699 1638 762 geras,

185 805 282 867 quam
306 786 516 864 magistratus,
540 788 570 846 in
594 806 660 866 quo
684 790 876 849 constitutus
899 806 943 858 es
974 787 1157 866 postulabit.
1195 784 1228 847 Si
1251 788 1336 846 enim
1366 787 1395 846 in
1423 782 1640 846 adolescentia

186 902 217 951 et
240 893 301 951 rita
324 892 453 968 privata,
477 890 530 950 ubi
555 902 585 950 et
609 893 701 951 venia
724 894 819 952 aetati
843 891 909 951 dari
934 903 1059 969 poterat
1082 903 1114 950 et
1138 910 1212 970 spes
1242 888 1388 951 coelandi
1412 899 1487 962 erat,
1511 907 1640 966 semper

185 1008 272 1056 caste
295 996 480 1075 integreque
503 996 615 1066 vixisti,
648 997 749 1056 multo
780 996 925 1074 prolecto
958 997 1059 1077 magis
1090 994 1122 1056 id
1145 1014 1230 1055 nunc
1261 993 1456 1072 sperandum
1484 1004 1540 1066 est,
1564 1011 1638 1052 cum

185 1100 292 1158 senior
323 1098 424 1159 sactus
454 1100 496 1157 sis
519 1110 550 1158 et
581 1100 728 1160 omnium
759 1120 815 1160 ora
846 1110 942 1179 atque
974 1099 1056 1160 oculi
1089 1101 1120 1159 in
1151 1110 1182 1160 te
1213 1100 1428 1170 conficiantur,
1460 1110 1495 1158 ut
1518 1096 1640 1157 nullum

186 1202 305 1263 dictum
330 1202 489 1262 laetumve
518 1213 609 1262 tuum
632 1204 806 1264 obscurum
830 1222 901 1263 esse
925 1204 1041 1280 possit;
1071 1221 1256 1283 quanquam
1279 1205 1346 1263 scio
1370 1199 1466 1283 (quae
1489 1213 1543 1261 tua
1567 1219 1641 1278 pro·

187 1307 269 1367 bitas
292 1310 354 1386 est)
377 1307 500 1366 etiamsi
525 1304 660 1366 annulus
683 1307 733 1367 ille
756 1307 849 1384 Lydii
879 1309 1016 1385 pastoris
1040 1307 1095 1367 tibi
1123 1309 1330 1387 contingeret,
1353 1305 1427 1366 nihil
1452 1316 1483 1365 te
1506 1306 1639 1366 omnino

186 1423 340 1481 acturum,
367 1409 457 1489 quod
484 1430 503 1469 a
527 1411 642 1470 iustitia
672 1423 703 1470 et
731 1414 891 1491 aequitate
919 1412 1057 1472 alienum
1086 1423 1177 1472 esset.
1216 1411 1326 1490 ltaque
1355 1412 1380 1472 si
1408 1408 1498 1470 Plato
1527 1409 1640 1470 beatas

187 1526 277 1592 putat
300 1515 503 1592 respublicas,
527 1514 558 1573 in
581 1517 698 1592 quibus
721 1527 775 1575 aut
798 1517 954 1594 principes
979 1514 1245 1592 philosophantur
1268 1526 1322 1575 aut
1345 1513 1528 1592 philosophi
1551 1532 1640 1591 prae-

187 1631 270 1688 sunt,
293 1637 401 1678 nonne
433 1616 554 1678 felicem
585 1617 795 1680 iudicabimus
825 1619 952 1698 plebem
983 1617 1203 1680 'l'ridentinam
1234 1629 1266 1679 te
1289 1629 1428 1696 pastore,
1459 1618 1513 1697 qui
1536 1626 1569 1677 et
1591 1635 1639 1676 sa·

187 1724 338 1799 pientiam
362 1720 403 1780 ad
427 1721 690 1803 cognoscendum
714 1743 760 1797 ea,
784 1742 866 1801 quae
891 1724 1011 1783 virtutis
1035 1732 1117 1789 sunt,
1141 1734 1173 1783 et
1188 1721 1387 1783 voluntatem
1411 1719 1452 1782 ad
1476 1719 1637 1802 agendum

189 1838 219 1886 et
243 1828 385 1886 animum
409 1825 450 1885 ad
467 1825 691 1905 exequendum
716 1826 834 1888 habes?
858 1827 973 1906 Neque
997 1846 1048 1886 me
1064 1826 1142 1907 sugit
1167 1846 1232 1886 non
1256 1845 1327 1887 esse
1350 1824 1528 1887 absurdum
1551 1844 1640 1884 com-

188 1928 366 1989 memorare
388 1929 451 1990 hoc
474 1929 555 2002 loco,
586 1950 669 2010 quae
692 1929 808 1991 Paulus
830 1930 999 2008 apostolus
1024 1933 1054 1992 in
1078 1933 1233 2008 episcopo
1264 1931 1400 2009 requirit,
1424 1928 1482 1989 sed
1506 1928 1584 1989 nolo
1608 1930 1638 1988 in

187 2035 309 2112 sylvam
333 2033 417 2115 ligna
441 2034 520 2094 lerre
543 2045 573 2093 et
597 2054 651 2096 sus
674 2032 721 2113 (ut
742 2032 842 2114 aiunt)
867 2033 1044 2095 Minervam
1069 2037 1232 2095 instruere.
1257 2033 1303 2094 lta
1326 2035 1411 2093 enim
1435 2032 1639 2093 haecomnia

187 2140 229 2200 ab
252 2139 339 2199 initio
362 2140 516 2215 pueritiae
539 2137 682 2198 dedicisti
706 2150 736 2199 et
761 2139 898 2211 hausisti,
930 2141 971 2198 ita
996 2141 1137 2198 animum
1167 2151 1258 2199 tuum
1290 2139 1386 2219 longa
1416 2137 1500 2197 bene
1523 2135 1638 2217 agendi

188 2242 419 2303 consuetudine
453 2253 549 2321 atque
583 2246 811 2303 exercitatione
847 2244 1014 2315 instituisti,
1038 2254 1073 2303 ut
1108 2242 1208 2303 multo
1243 2244 1330 2320 prius
1365 2242 1509 2302 moribus
1542 2259 1639 2320 quam

189 2346 341 2428 dignitate
369 2348 541 2425 episcopus
571 2366 666 2407 esses.
690 2347 805 2427 Neque
836 2348 914 2407 haec
945 2346 1000 2407 tibi
1030 2357 1178 2425 suspecta
1206 2348 1275 2406 sint.
1312 2342 1382 2407 Scis
1411 2346 1505 2417 enim,
1528 2354 1641 2421 utpote

190 2462 321 2512 naturae
345 2469 435 2511 meae
459 2469 574 2530 magna
590 2470 631 2510 ex
647 2462 736 2528 parte
760 2453 915 2519 conscius,
940 2469 992 2510 me
1014 2469 1141 2528 semper
1165 2451 1226 2510 hoc
1242 2448 1395 2510 adulandi
1417 2450 1529 2510 vitium
1544 2448 1640 2508 etiam

189 2554 275 2634 apud
299 2554 413 2614 milites
438 2556 596 2635 gloriosos
623 2554 795 2632 plurimum
821 2554 1039 2616 abhorruisse:
1070 2554 1157 2632 apud
1180 2567 1212 2616 te
1239 2573 1322 2626 vero,
1354 2555 1403 2613 cui
1429 2553 1545 2613 veritas
1575 2570 1640 2612 ma·

189 2661 276 2720 xime
298 2671 389 2739 grata
411 2669 468 2732 est,
491 2661 517 2718 si
539 2657 722 2719 huiusmodi
753 2661 1023 2719 assentationibus
1046 2672 1077 2720 et
1100 2657 1261 2719 blanditiis
1283 2659 1328 2719 uti
1359 2655 1480 2731 vellem,
1504 2674 1639 2716 coecum

191 2782 242 2824 me
272 2763 416 2842 profecto
446 2773 477 2823 et
507 2764 712 2842 praecipitem
747 2762 816 2823 lerri
851 2762 1026 2823 confiterer.
1065 2760 1097 2824 Si
1129 2773 1236 2823 tamen
1271 2760 1458 2840 imprudens
1490 2778 1641 2820 verecun-

190 2867 262 2928 diae
296 2878 370 2928 tuae
405 2866 554 2927 ruborem
591 2867 714 2940 incussi,
750 2869 879 2947 ignosce
913 2886 1035 2946 quaeso
1069 2866 1144 2926 mihi
1177 2866 1274 2946 idque
1312 2884 1385 2926 cum
1420 2863 1534 2943 culpae
1568 2873 1642 2923 tuae

191 2970 357 3051 (quoniam
388 2971 441 3050 qui
472 2971 554 3030 bene
584 2972 656 3050 agit,
686 2972 768 3031 bene
798 2990 929 3050 quoque
953 2970 1060 3032 audiat
1088 2989 1218 3033 necesse
1241 2966 1302 3052 est)
1326 2980 1395 3030 tum
1417 2970 1515 3029 etiam
1544 2968 1640 3028 veteri

191 3087 318 3137 nostrae
349 3075 545 3136 familiaritati
575 3074 730 3136 adscribe.
770 3074 877 3136 Nolim
909 3077 994 3135 enim
1025 3077 1189 3134 existimes
1220 3093 1272 3134 me
1299 3073 1383 3134 adeo
1413 3072 1513 3134 fracto
1544 3072 1642 3132 imbe-

192 3180 329 3259 cilloque
352 3180 459 3239 animo
482 3198 560 3251 esse,
585 3190 619 3238 ut
641 3192 818 3258 propterea,
842 3178 931 3257 quod
965 3182 996 3238 in
1032 3191 1096 3239 tam
1132 3179 1197 3239 alto
1228 3177 1386 3259 dignitatis
1413 3175 1515 3258 gradu
1545 3174 1641 3235 collo-

192 3295 282 3346 catus
315 3302 357 3355 οε,
391 3282 465 3343 nihil
498 3284 555 3344 abs
589 3294 621 3343 te
655 3286 805 3362 antiquae
838 3295 967 3344 nostrae
998 3282 1220 3344 consuetudini
1255 3282 1348 3343 tribui
1382 3280 1486 3342 velim.
1526 3278 1640 3358 Neque

191 3391 276 3449 enim
300 3406 373 3448 meo
393 3386 455 3466 juri
478 3389 605 3466 penitus
629 3389 815 3460 renunciavi,
839 3387 895 3448 sed
919 3407 1106 3467 quanquam
1131 3400 1162 3448 te
1187 3406 1244 3465 pro
1268 3388 1363 3448 olstcii
1387 3389 1433 3447 tui
1456 3384 1642 3447 excellentia

192 3504 288 3572 atque
311 3492 532 3551 observatione
556 3510 682 3569 semper
705 3492 877 3563 observai,
901 3491 1005 3554 adhuc
1029 3504 1135 3553 tamen
1160 3492 1236 3552 mihi
1261 3489 1379 3571 aliquid
1402 3488 1547 3551 vendico.
1571 3487 1643 3566 Qua

194 3599 225 3657 in
249 3598 330 3656 resi
355 3594 411 3655 tibi
434 3594 542 3655 videor
565 3595 761 3672 perfricuisse
785 3595 920 3657 lrontem
945 3608 976 3656 et
999 3595 1151 3656 audacior
1173 3614 1252 3667 esse,
1280 3614 1377 3674 quam
1397 3593 1483 3665 velia,
1507 3594 1564 3653 erit
1588 3592 1644 3651 hu-

195 3701 353 3761 manitatis
375 3710 450 3760 tuae
472 3720 530 3778 pro
553 3699 701 3780 singulari
732 3700 782 3759 illa
813 3699 1042 3773 benevolentia,
1070 3719 1133 3778 qua
1157 3718 1209 3760 me
1237 3698 1313 3760 olim
1336 3697 1528 3775 complexus
1552 3695 1644 3767 fuisti,

194 3805 302 3865 omnia
324 3804 354 3864 in
378 3802 525 3863 dextram
549 3814 673 3880 partem
697 3804 847 3883 accipere.
871 3802 961 3864 Vale.

281 3991 305 4042 O
325 3990 486 4042 Oldliehovi
506 4007 597 4042 srovn.
616 3990 661 4042 list
680 3991 704 4042 9.
723 3990 782 4058 Ty't
801 3990 962 4058 piimlouval
981 4010 1011 4044 se
1025 3991 1131 4058 pozdeji
1150 4009 1167 4043 v
1182 3981 1260 4044 lee
1277 4008 1309 4043 za
1321 3989 1465 4058 potvrzenl
1485 3987 1644 4040 Bohuslava

196 4078 211 4129 lr
231 4076 384 4143 biskupstvi
403 4076 625 4128 otomouckemu
644 4075 726 4128 velmi
745 4076 828 4129 viele.
847 4078 944 4130 Srovn.
964 4079 1008 4130 list
1026 4079 1068 4130 213,
1093 4079 1133 4130 Ve
1152 4078 1255 4146 vydAnl
1273 4076 1402 4129 Mitisove
1421 4077 1529 4128 nazvan
1550 4076 1641 4143 mylne

195 4164 408 4232 arcibislrupem,
428 4180 482 4215 ano
501 4181 518 4214 v
531 4163 664 4215 Tridente
685 4163 748 4232 bylo
767 4181 784 4215 a
799 4163 853 4231 jest
871 4166 962 4232 pouhe
981 4163 1142 4232 bislrupstvl.

894 4430 941 4492 ln.

603 4566 821 4641 Bohuslav
850 4570 977 4641 Petru
1006 4566 1233 4642 Schottovi.

283 4739 314 4806 (Ζ
335 4737 489 4795 llaslllolna
508 4738 625 4793 1487-
644 4737 680 4793 lss.
700 4741 805 4809 srpna.)
834 4740 964 4792 Omluviv
983 4758 1021 4801 se,
1047 4740 1077 4792 ie
1098 4756 1144 4792 mu
1169 4739 1203 4790 od
1223 4738 1270 4790 sve
1290 4739 1425 4805 navitevy
1444 4745 1523 4806 teprv
1539 4737 1644 4806 jednou

196 4828 263 4896 psal,
281 4827 327 4878 liei
346 4827 394 4877 sve
413 4826 633 4893 zaneprazdneni
654 4825 693 4892 pli
713 4827 906 4893 hospodtrstvi
925 4827 932 4877 i
951 4827 1104 4893 oznamuje,
1123 4827 1154 4879 ie
1168 4827 1267 4893 chysta
1287 4843 1316 4877 se
1333 4843 1368 4877 na
1382 4824 1478 4877 slutbu
1498 4825 1646 4878 dvorslrou.

197 4916 283 4973 l'rosi,
310 4913 363 4981 aby
392 4931 437 4965 mu
466 4914 568 4979 napsal.
598 4913 691 4964 kteralr
717 4912 754 4981 by
778 4931 808 4965 se
834 4914 887 4965 mel
915 4931 931 4962 v
951 4913 979 4964 nl
1007 4914 1161 4966 zachovati.
1193 4911 1361 4978 l'ozdravuje
1390 4912 1516 4979 vsechny
1544 4912 1645 4964 zname

197 5019 214 5050 v
233 4988 405 5070 Strasburlru,
431 4999 437 5050 i
463 5000 584 5066 vylizuje
607 5000 773 5068 pozdravenl
799 5001 832 5051 od
858 4988 979 5069 Stepltna
1003 5017 1020 5051 a
1044 5000 1194 5052 Fridricha.
1221 5000 1332 5065 (Schott
1356 4999 1373 5051 l.
1392 4998 1451 5050 nto
1469 5014 1485 5050 a
1505 4998 1574 5051 Luc.
1594 4998 1651 5065 5³2.)

285 5159 378 5220 Petro
402 5157 536 5220 Schotto
560 5178 584 5220 s,
608 5179 637 5236 p.
661 5158 689 5219 d.
726 5159 857 5231 Vereor,
880 5179 920 5219 ne
943 5162 1145 5221 subirascaris
1168 5161 1290 5220 silentio
1314 5177 1397 5232 meo,
1421 5157 1514 5218 Petre
1533 5157 1650 5237 jucun-

198 5263 335 5333 dissime,
359 5282 432 5325 cum
455 5282 496 5323 ex
520 5282 560 5323 eo
583 5275 736 5343 tempore,
760 5282 826 5342 quo
849 5273 954 5326 tecum
972 5263 1164 5347 Argentinae
1187 5264 1236 5338 lui,
1261 5281 1341 5325 unas
1364 5262 1523 5324 duntaxat
1547 5262 1590 5324 ad
1613 5274 1647 5325 te
