3660 5850
733 631 803 697 134.

376 767 596 842 Bohuslav
624 769 861 864 Kasparovi
889 769 1150 845 zTachova.

124 938 145 994 Ζ
160 936 315 1077 maligna
326 939 462 1007 (15117)-
473 939 518 995 ³⁰.
533 937 619 996 letina.
636 939 813 1008 Doporucuje
826 940 923 994 iadost
936 940 1096 995 slulebnllra
1108 941 1196 994 sveho
1208 940 1353 995 Frantillta
1366 940 1492 994 Schneit·

79 1043 98 1080 ι.
121 1027 202 1095 (Luc.
221 1026 235 1077 1
274 1028 291 1094 .)

126 1202 270 1265 Domino
304 1198 447 1282 Casparo
481 1201 523 1264 de
556 1200 718 1264 Tachovia
753 1205 868 1266 artium
902 1206 1055 1287 magistro
1089 1216 1121 1267 et
1154 1207 1308 1267 canonico
1341 1204 1494 1268 ecclesiae

79 1309 208 1389 agensis
235 1327 260 1371 s.
284 1326 316 1386 p.
340 1306 370 1368 d.
400 1306 516 1368 Veniet
546 1306 588 1369 ad
611 1317 643 1369 te
673 1307 861 1371 Franciscus
891 1307 1076 1389 Schneyttel
1106 1309 1148 1371 de
1178 1308 1349 1384 Tachovia,
1379 1309 1494 1372 artium

79 1411 258 1487 :alaureus
281 1411 441 1473 familiaris
464 1430 563 1486 meus,
587 1430 685 1490 opem
708 1412 939 1494 consiliumque
962 1413 1020 1474 abs
1040 1424 1072 1475 te
1086 1415 1248 1493 petiturus.
1273 1412 1303 1474 ls
1325 1413 1357 1473 in
1380 1411 1495 1473 familia

79 1537 109 1577 :a
135 1517 239 1578 multo
262 1527 408 1596 tempore
438 1516 501 1591 suit,
533 1525 630 1595 atque
660 1518 702 1579 ita
724 1534 760 1577 se
783 1519 888 1599 gessit,
920 1527 955 1580 ut
985 1515 1059 1578 nihil
1088 1520 1117 1580 ei
1147 1517 1240 1579 obiici
1261 1527 1358 1597 atque
1381 1535 1497 1596 expro-

79 1623 123 1681 tri
140 1623 252 1700 possit.
275 1620 350 1701 Quo
373 1619 416 1695 fit,
440 1632 474 1683 ut
490 1622 519 1682 ei
535 1621 671 1682 multum
691 1619 839 1696 debeam,
862 1631 960 1701 atque
976 1621 1051 1683 ideo
1067 1621 1122 1683 tibi
1138 1620 1302 1682 hominem
1325 1618 1496 1699 plurimum

79 1724 239 1786 nmendo
254 1743 439 1805 precorque,
463 1725 516 1786 ubi
540 1725 581 1786 ad
597 1735 629 1786 te
644 1727 771 1799 venerit,
794 1734 830 1786 ut
846 1745 921 1787 eum
936 1726 1074 1807 benigne
1096 1725 1339 1805 humaniterque
1355 1725 1496 1803 excipias

79 1849 138 1910 que
163 1829 282 1890 audias.
316 1827 512 1908 Quanquam
542 1838 649 1891 autem
679 1831 746 1892 scio
777 1839 809 1890 te
840 1829 1029 1909 iampridem
1056 1828 1097 1890 de
1123 1828 1294 1890 Francisco
1321 1838 1353 1889 et
1375 1829 1496 1906 optime

79 1936 160 1995 rtire
183 1943 214 1995 et
236 1933 457 1994 honestissime
488 1933 582 2012 loqui,
617 1932 712 1995 facito
743 1944 858 2009 tamen,
890 1944 925 1996 ut
951 1931 1190 1995 commendatio
1220 1950 1351 2012 quoque
1372 1950 1446 1992 mea
1469 1931 1497 1991 ei

79 2036 129 2099 ud
155 2047 188 2097 te
211 2035 396 2099 adiumento
426 2038 473 2110 sit,
505 2047 536 2098 et
564 2048 598 2099 ut
621 2058 705 2118 quae
735 2050 852 2117 sponte
881 2039 913 2099 in
939 2056 1014 2099 eum
1041 2037 1213 2100 collaturus
1236 2056 1315 2111 eras,
1349 2035 1497 2115 precibus

79 2144 121 2202 tis
144 2139 266 2201 illectus
289 2138 439 2201 cumules
474 2138 510 2201 ld
533 2140 608 2202 mihi
631 2140 770 2221 perinde,
801 2152 836 2204 ut
858 2161 999 2223 aequum
1022 2153 1078 2217 est,
1111 2150 1238 2224 gratum
1263 2151 1498 2221 acceptumque

79 2259 101 2320 t,
130 2263 250 2326 meque
273 2244 329 2306 tibi
351 2255 521 2325 propterea
543 2264 609 2306 non
637 2264 752 2325 parum
782 2247 960 2309 obnoxium
990 2244 1116 2308 reddes.
1150 2242 1241 2306 Vale.
1275 2243 1328 2307 Ex
1356 2243 1497 2306 Hassen-

82 2370 136 2429 yn
162 2349 338 2430 penultima
356 2348 503 2430 Januarii.

128 2535 193 2590 List
205 2544 291 2598 tento,
304 2537 492 2605 adressovany
505 2537 663 2590 kanovnlku
682 2537 787 2591 kostela
800 2536 957 2592 Praiskeho
970 2536 1122 2608 Kasparovi
1136 2555 1151 2591 z
1163 2538 1305 2602 Tachova,
1320 2538 1365 2591 ma
1378 2555 1391 2591 s
1403 2537 1497 2607 plede-

79 2642 110 2678 m
132 2623 224 2692 stejne
243 2625 338 2678 datum
357 2625 462 2687 dnove;
487 2623 495 2677 i
520 2623 610 2678 adholi
635 2642 653 2677 v
671 2627 735 2677 nem
760 2624 903 2678 zaleiitost
927 2625 1120 2679 doruditelova
1137 2624 1276 2679 zevrubne
1294 2641 1324 2678 se
1343 2623 1496 2688 nerozbtrtr,

79 2710 162 2765 oilie
181 2710 240 2780 byti
258 2710 416 2780 pochybno,
435 2710 467 2764 ie
485 2711 554 2779 psan
573 2709 620 2780 byl
638 2711 655 2764 k
672 2710 766 2765 timui
784 2712 865 2765 iidelu
881 2712 946 2780 jalo
964 2714 1101 2782 plededy.
1131 2712 1223 2766 Kratdl
1239 2711 1306 2780 jeho
1325 2728 1433 2765 osnovu
1450 2729 1497 2780 vy·

79 2800 173 2853 'tlime
192 2798 298 2851 snadno
317 2798 371 2861 talc,
390 2796 422 2851 ie
441 2797 548 2852 iadatel
566 2815 583 2852 a
601 2798 736 2853 doruiitel
755 2798 801 2870 byl
819 2800 981 2854 adressatdv
1000 2801 1102 2869 krajan,
1121 2798 1197 2854 tudll
1215 2798 1395 2868 podrobneho
1415 2799 1497 2852 libeni

79 2887 99 2941 :i
126 2884 196 2954 jeho
220 2885 321 2954 nebylo
344 2885 493 2954 zapotlebl.
524 2887 648 2956 Kalpara
671 2887 839 2941 zl'achova
862 2886 946 2941 uvidi
971 2886 1054 2941 Frind
1077 2886 1262 2940 kanovnikem
1285 2886 1437 2955 Praislrym
1460 2885 1497 2954 jii

90 2991 119 3028 r.
140 2973 218 3026 1502.

743 3185 811 3251 135.

387 3323 607 3399 Bohuslav
635 3324 872 3420 Kasparovi
900 3324 1160 3399 zTachova.

132 3494 329 3552 lllssiiisina
347 3495 439 3564 (15⁰7)
459 3525 491 3535 -
510 3497 537 3554 8.
556 3499 647 3554 incra.
678 3497 871 3566 Spotesenlm
891 3494 1000 3564 dekuje
1020 3495 1051 3549 ie
1074 3495 1181 3550 iadosti
1203 3494 1269 3564 jeho
1287 3494 1416 3563 vyhovel.
1448 3495 1499 3547 Ne·

79 3581 192 3650 tvaluje
204 3581 362 3652 strojenych
376 3601 393 3635 v
406 3584 492 3637 Praze
511 3600 547 3636 na
562 3583 724 3652 ukonejsenl
743 3584 799 3638 lidu
818 3584 868 3636 her
883 3581 1010 3652 jakychsi
1028 3601 1046 3637 a
1063 3583 1165 3651 strbjce
1181 3581 1239 3650 jich
1258 3581 1331 3634 kara.
1350 3582 1424 3634 Kara
1436 3581 1498 3635 take

79 3671 183 3725 lisnou
200 3670 317 3723 mimost
335 3670 448 3724 lualovu
467 3671 538 3741 proti
558 3671 690 3728 kaeliiim.
709 3671 788 3739 (Luc.
809 3669 878 3738 134.)

133 3847 279 3910 Domino
301 3846 444 3927 Casparo
467 3846 510 3909 de
533 3847 695 3910 Tachovia
718 3851 875 3911 canonico
901 3849 1052 3910 ecclesiae
1075 3847 1241 3930 Pragensis
1263 3867 1287 3908 s.
1309 3866 1339 3926 p.
1363 3846 1392 3909 d.
1423 3843 1501 3927 Cepi

108 3951 210 4013 literis
232 3953 294 4013 tuis
315 3970 383 4013 non
406 3970 536 4032 parvam
559 3951 773 4032 voluptatem;
804 3965 933 4014 namet
956 3950 1130 4014 iucundum
1153 3951 1210 4012 fnit
1233 3970 1279 4026 ea,
1302 3970 1385 4031 quae
1407 3950 1501 4025 volui,

81 4079 101 4119 s
127 4066 163 4117 te
187 4056 374 4134 impetrasse
395 4067 427 4116 et
443 4054 640 4118 humanitate
663 4067 725 4131 tua,
748 4075 812 4136 qua
835 4057 909 4117 mihi
926 4056 1009 4117 adeo
1032 4055 1201 4117 liberaliter
1223 4074 1354 4117 omnem
1370 4074 1502 4136 operam

79 4181 137 4224 arn
162 4159 327 4239 polliceris,
355 4179 420 4221 non
444 4159 592 4222 delectari
616 4179 681 4222 non
704 4163 802 4239 potui.
826 4160 941 4221 Precor
963 4171 1079 4235 autem,
1106 4171 1197 4240 pater
1219 4156 1347 4240 Caspar‚
1376 4169 1412 4221 ut
1435 4161 1503 4238 ipse

79 4283 184 4346 ‚oque
207 4283 248 4324 ex
270 4264 333 4325 hoc
356 4275 503 4344 tempore
525 4266 634 4325 omnia
657 4284 676 4324 a
699 4284 751 4325 me
773 4267 840 4326 iure
863 4276 920 4326 tuo
936 4266 1054 4346 exigas
1077 4276 1235 4345 potesque
1258 4284 1310 4325 me
1333 4282 1406 4325 eum
1423 4282 1502 4337 esse,

79 4373 96 4434 ,ἰ
125 4368 186 4431 tibi
210 4387 253 4427 ex
274 4370 382 4429 animo
410 4367 552 4443 afficitur,
584 4370 673 4430 cuius
696 4371 740 4430 rei
761 4371 786 4429 si
810 4369 943 4449 quando
971 4369 1146 4448 periculum
1177 4370 1296 4442 seceris,
1327 4385 1503 4449 cognosces

79 4497 94 4538 3
123 4492 171 4534 ex
194 4490 233 4533 eo
256 4491 389 4533 numero
412 4491 489 4546 esse,
520 4475 574 4552 qui
597 4493 662 4534 non
687 4484 753 4535 tam
776 4484 867 4553 turpe
890 4473 1028 4535 iudicant
1055 4475 1096 4534 ab
1118 4473 1265 4535 hostibus
1288 4475 1383 4533 armis
1405 4490 1504 4551 quam

109 4577 227 4639 amicis
256 4575 478 4639 benevolentia
508 4577 683 4656 officiisque
713 4579 860 4657 superari.
891 4576 946 4638 Ab
976 4576 1190 4640 adolescentia
1220 4589 1305 4639 certe
1335 4578 1377 4637 ita
1407 4577 1504 4637 vitam

79 4680 181 4755 stitui,
211 4692 247 4741 ut
268 4699 342 4742 cum
364 4699 480 4742 omnes
503 4681 665 4743 studiosos
695 4683 756 4742 mei
787 4693 855 4744 tum
879 4683 1031 4760 imprimis
1053 4701 1119 4756 eos,
1149 4685 1202 4761 qui
1226 4679 1357 4761 aliquod
1388 4681 1503 4760 ingenij

79 4789 217 4850 »eminae
239 4787 424 4866 virtutisque
446 4787 608 4865 specimen
631 4804 707 4864 prae
733 4805 768 4847 se
791 4787 903 4860 serunt,
930 4805 1035 4847 amem
1059 4797 1091 4848 et
1114 4787 1200 4847 omni
1223 4784 1310 4847 cultu
1332 4783 1504 4844 observan-

79 4911 159 4975 .que
184 4909 368 4971 prosequar.
399 4889 496 4970 Quod
526 4898 636 4951 autem
659 4891 768 4952 scribis
799 4890 917 4972 Pragae
944 4890 1039 4951 ludos
1069 4889 1230 4971 quosdam
1257 4887 1505 4967 spectaculaque

79 4997 163 5070 rari,
187 5007 220 5056 et
242 4995 371 5068 caneri,
395 5015 478 5077 quae
501 4994 542 5056 ad
558 4994 671 5076 vulgus
694 4993 909 5056 deliniendum
932 5005 1084 5074 spectant,
1107 5013 1221 5073 parum
1244 4992 1322 5054 mihi
1344 4993 1505 5073 probatur.

79 5101 260 5165 anilestum
283 5103 368 5161 enim
391 5111 446 5173 est,
470 5118 625 5179 quorsum
647 5119 685 5161 ea
705 5099 848 5162 tendunt,
872 5098 1050 5174 Caeterum,
1074 5110 1109 5161 ut
1130 5101 1232 5180 inquit
1248 5098 1306 5173 ille,
1331 5100 1384 5178 qui
1400 5116 1505 5158 errore

79 5208 219 5288 rperitae
242 5204 450 5266 multitudinis
466 5204 592 5284 pendet,
616 5207 647 5266 in
671 5207 792 5288 magnis
808 5206 879 5266 viris
903 5224 969 5266 non
991 5214 1039 5266 est
1062 5203 1237 5266 habendus
1261 5202 1416 5283 Magnum
1431 5201 1505 5263 huic

79 5312 175 5374 >mini
198 5311 359 5390 ingenium
383 5320 439 5383 est,
463 5309 562 5370 multa
584 5329 690 5370 rerum
713 5322 893 5371 nostrarum
917 5310 1037 5389 peritia,
1064 5308 1247 5389 eloquentia
1271 5326 1335 5367 non
1360 5306 1505 5378 insuavis,
