3660 5850
806 394 898 452 1494.
1543 393 1578 446 53

123 607 249 670 Accidit
280 608 352 668 huic
382 607 536 686 profect0,
568 606 657 687 quod
688 605 743 675 his,
772 608 825 688 qui
856 608 971 668 morbo
1002 607 1164 679 laborant;
1195 585 1269 667 nam
1295 617 1328 667 ut
1351 607 1391 668 illi
1416 606 1574 667 medicum

122 732 247 774 amaras
276 713 424 790 potiones
459 722 499 785 et,
531 730 615 790 quae
645 730 710 771 non
734 712 890 791 voluptati
921 711 977 772 sed
1008 711 1178 773 valetudini
1209 711 1356 783 serviunt,
1390 709 1575 771 afferentem

122 816 299 896 despiciunt
331 826 640 897 persequunturque,
672 814 834 877 crudelem
862 814 1110 894 carnificemque
1134 824 1261 877 vccant·
1293 817 1337 876 sic
1360 817 1418 875 iste
1440 813 1577 897 Gorgias

120 920 299 982 Leontinus
321 923 420 981 nostri
444 922 599 998 temporis
621 919 804 980 Romanum
828 917 1016 998 praesulem,
1040 922 1183 980 omnium
1208 918 1349 980 fidelium
1373 929 1503 999 patrem,
1525 923 1574 981 cui

121 1023 281 1086 Dominus
304 1026 334 1085 in
358 1043 496 1104 persona
520 1025 605 1085 beati
628 1023 711 1083 Petri
734 1034 766 1084 et
789 1041 865 1084 oves
887 1042 962 1084 suas
984 1025 1143 1085 commisit
1159 1035 1190 1085 et
1206 1024 1309 1085 claves
1328 1034 1477 1084 aeternae
1492 1026 1575 1085 vitae

121 1127 218 1202 dedit,
252 1126 439 1190 offerentem
471 1128 553 1189 ovile
583 1130 697 1188 erranti
729 1129 824 1209 gregi,
856 1126 1043 1189 offerentem
1074 1130 1178 1189 sinum
1207 1127 1357 1189 ecclesiae
1387 1139 1419 1190 et
1448 1127 1573 1189 coelum

121 1236 233 1311 ipsum,
257 1242 451 1310 aspernatur.
481 1232 596 1305 irridet,
625 1231 717 1304 rodit,
747 1231 863 1292 lacerat
889 1241 920 1292 et
944 1233 1095 1293 omnibus
1117 1232 1241 1310 probris
1265 1231 1507 1312 maledictisque
1530 1234 1574 1292 in-

120 1346 271 1398 sectatur:
295 1347 340 1410 ut,
363 1356 447 1416 quae
470 1345 586 1415 poetae
610 1336 652 1397 de
674 1336 875 1417 Gigantibus
898 1339 952 1416 qui
975 1336 1057 1398 deos
1080 1336 1121 1397 de
1144 1337 1235 1398 coelo
1258 1336 1376 1417 pellere
1398 1336 1573 1405 voluerunt.

120 1440 309 1512 fabulantur,
338 1440 410 1501 huic
434 1459 498 1501 non
522 1442 682 1501 immerito
705 1440 841 1502 adscribi
865 1452 1005 1518 possent.
1043 1438 1267 1519 Expectabam
1301 1451 1385 1501 certe
1415 1439 1572 1501 hocloco

120 1547 284 1626 quippiam
307 1544 348 1606 de
372 1546 473 1607 bestia
495 1545 689 1607 ascendente
712 1564 730 1606 e
753 1546 841 1619 mari,
865 1548 955 1606 cuius
970 1544 1008 1605 D.
1022 1544 1162 1626 Joannes
1179 1547 1209 1604 in
1224 1545 1309 1606 libris
1325 1542 1573 1623 Apocalypseos

120 1652 275 1725 meminit;
300 1669 349 1724 ne,
372 1661 408 1712 ut
431 1661 480 1712 est
503 1651 534 1711 in
557 1652 708 1711 omnibus
730 1650 852 1710 artibus
872 1650 1023 1722 curiosus,
1047 1647 1171 1726 Cyrceo
1194 1648 1302 1728 aliquo
1325 1647 1443 1728 poculo
1467 1650 1572 1711 subito

119 1774 161 1815 ex
184 1753 334 1834 pontifice
357 1753 506 1817 Romano
530 1756 665 1816 bestiam
689 1765 856 1815 comutam
881 1752 980 1813 faciat.
1008 1750 1072 1815 Sed
1096 1750 1259 1831 praeludia
1282 1752 1361 1812 haec
1383 1763 1465 1828 sunt,
1489 1773 1572 1833 quae

119 1858 234 1932 scribit,
257 1858 401 1919 aliorum.
425 1858 548 1920 Maiora
571 1877 688 1937 nempe
712 1857 840 1918 molitur
855 1860 885 1917 in
902 1858 1087 1936 praesentia,
1111 1868 1166 1917 aut
1182 1857 1282 1918 frenat
1298 1875 1392 1918 suum
1408 1858 1571 1935 impetum,

117 1973 149 2023 et
171 1963 294 2042 aliquot
317 1963 502 2024 cohortibus
525 1965 649 2026 emissis
672 1964 847 2024 exercitum
869 1961 949 2022 intra
972 1972 1075 2022 eastra
1097 1962 1247 2034 continet,
1270 1971 1305 2021 ut
1327 1979 1453 2041 semper
1468 1980 1571 2022 novus

118 2077 313 2146 paratusque
336 2069 450 2130 veniat.
474 2066 589 2149 Neque
612 2065 849 2146 desperandum
873 2076 921 2127 est
944 2083 1017 2126 eum
1041 2064 1160 2145 aliquid
1177 2064 1326 2143 praeclari
1343 2064 1570 2138 confecturum,

117 2173 224 2250 quiin
249 2172 323 2251 ipsis
347 2172 440 2232 initiis
463 2189 498 2233 se
520 2182 586 2233 tam
610 2173 736 2253 egregie
759 2170 911 2231 habuerit.
948 2169 1038 2229 Haec
1065 2168 1246 2250 redigamus
1275 2168 1317 2230 ad
1348 2187 1459 2247 pauca,
1487 2190 1570 2249 qnae

119 2274 168 2334 ille
197 2274 309 2336 decem
340 2275 484 2337 versibus
513 2275 741 2354 complectitur.
779 2272 930 2353 Appellat
958 2291 1075 2351 papam
1110 2284 1297 2343 monstrum,
1331 2276 1373 2334 ait
1403 2274 1570 2336 Romanos

118 2381 256 2457 primum
280 2381 322 2441 ab
345 2399 385 2441 eo
408 2378 608 2459 depravatos,
632 2382 674 2442 ait
697 2399 771 2440 eum
795 2382 861 2440 iura
884 2398 967 2438 nova
990 2377 1139 2450 condere,
1170 2379 1326 2459 abrogare
1348 2390 1463 2454 vetera,
1486 2380 1570 2440 insti-

117 2495 205 2544 tuere
228 2485 342 2563 iniqua,
365 2495 396 2545 et
418 2503 501 2563 quae
525 2482 654 2544 Domini
677 2495 750 2544 sunt
773 2481 820 2565 (ut
843 2484 911 2561 ipse
933 2480 1047 2563 vocat),
1070 2484 1282 2563 praecipitare.
1305 2482 1394 2544 addit
1417 2486 1511 2545 etiam
1528 2485 1569 2544 ab

117 2607 156 2648 eo
180 2586 320 2666 populos
342 2590 430 2669 gravi
452 2591 527 2670 iugo
557 2590 694 2649 onerari:
723 2607 835 2668 neque,
863 2586 1032 2668 quomodo
1062 2584 1094 2646 id
1122 2585 1375 2664 deprehenderit.
1404 2588 1504 2661 refert,
1534 2602 1569 2651 ut

117 2690 164 2751 vel
189 2692 261 2753 hinc
284 2695 437 2774 cognosci
460 2695 569 2771 possit,
601 2704 719 2773 quanta
751 2694 790 2754 sit
820 2691 957 2753 hominis
986 2691 1148 2751 temeritas
1175 2702 1272 2770 atque
1301 2690 1444 2752 audacia.
1482 2691 1567 2752 Nam

116 2815 190 2858 cum
214 2817 260 2871 ea,
284 2816 368 2876 quae
392 2799 423 2858 in
447 2815 565 2876 papam
589 2800 716 2871 evomit,
748 2795 840 2857 nullis
863 2796 1059 2870 coniecturis,
1090 2794 1183 2856 nullis
1206 2795 1335 2869 indiciis,
1362 2795 1455 2857 nullis
1477 2816 1568 2879 argu-

115 2904 229 2962 mentis
245 2901 368 2981 probet,
392 2905 434 2964 ita
456 2913 564 2964 tamen
588 2921 622 2962 se
645 2904 734 2984 gerit,
758 2901 820 2960 acsi
844 2897 987 2977 discipuli
1003 2898 1201 2981 Pythagorae
1224 2902 1332 2973 simus,
1357 2912 1391 2961 ut
1411 2901 1567 2981 quidquid

114 3004 228 3067 dixerit
252 3004 493 3086 praeceptor,¹⁷)
517 3005 647 3067 credere
671 3023 831 3086 cogamur.
866 3002 937 3084 Ego
967 3022 1041 3064 vero
1073 3004 1169 3084 longe
1197 3003 1285 3064 aliter
1315 3004 1434 3065 sentio:
1465 3023 1570 3085 neque

113 3111 198 3170 enim
223 3128 366 3188 unquam
390 3128 409 3168 a
432 3109 579 3172 Romana
603 3110 736 3170 ecclesia
759 3110 932 3189 quicquam
955 3107 1118 3170 decretum
1143 3120 1199 3181 est,
1222 3108 1311 3187 quod
1328 3128 1393 3170 non
1409 3121 1478 3170 tum
1495 3109 1570 3170 divi-

112 3232 227 3274 narum
251 3199 411 3274 literarum
434 3215 619 3275 testimonio
643 3224 711 3274 tum
735 3211 892 3293 probabili
916 3214 1038 3273 ratione
1052 3209 1092 3286 ¹⁸)
1116 3211 1295 3273 confirmari
1312 3215 1420 3290 possit.
1445 3210 1567 3290 Quodsi

112 3320 180 3397 ipse
202 3336 304 3378 unum
335 3317 493 3379 eiusmodi
516 3338 558 3378 ex
590 3328 637 3379 tot
670 3316 856 3396 pontificum
888 3316 1023 3378 decretis
1037 3312 1076 3398 ¹⁹)
1108 3316 1289 3391 ostenderit,
1317 3336 1383 3378 non
1413 3317 1569 3379 dubitabo

112 3423 303 3500 imperitiam
340 3421 490 3484 confiteri.
529 3420 627 3500 Quod
661 3423 745 3482 enim
781 3419 985 3500 reprehendit
1016 3422 1082 3481 iura
1112 3440 1172 3499 pro
1203 3432 1345 3500 tempere
1373 3422 1569 3502 quandoque

112 3528 236 3600 mutari,
260 3526 291 3586 id
315 3545 381 3587 non
405 3512 506 3587 modo
529 3529 560 3586 in
584 3523 770 3603 pontificem
794 3523 850 3585 sed
874 3527 905 3584 in
929 3522 1092 3607 omnesw)
1116 3525 1319 3606 legislatores,
1348 3527 1402 3606 qui
1426 3545 1568 3605 unquam

113 3631 248 3705 luerunt,
271 3631 442 3692 convenire
465 3641 580 3708 potest,
604 3626 733 3711 qutn'ss)
764 3631 859 3690 etiam
884 3631 951 3707 ipse
975 3629 1136 3691 Dominus
1162 3629 1313 3710 pleraque
1336 3632 1450 3691 veteris
1473 3641 1569 3692 testa-

112 3737 211 3796 menti
242 3735 415 3815 abrogavit.
454 3734 569 3813 Neque
599 3753 710 3794 verum
740 3745 789 3795 est
819 3732 986 3811 pontifices
1016 3733 1169 3794 adversus
1193 3733 1315 3795 divinas
1337 3735 1425 3816 leges
1448 3733 1567 3813 aliquid

112 3856 255 3917 unquam
280 3838 444 3900 statuisse:
473 3856 577 3916 neque
600 3838 696 3898 etiam
727 3836 877 3916 quicquid
900 3836 992 3898 affert
1015 3836 1056 3898 ad
1079 3837 1120 3912 id,
1148 3837 1237 3917 quod
1260 3850 1430 3911 asseverat,
1453 3837 1567 3899 confir-

112 3940 283 4003 mandum:
307 3960 372 4002 non
396 3944 549 4003 taciturus
572 3941 726 4020 profecto,
749 3950 784 4001 ut
807 3953 856 4003 est
879 3943 1041 4022 ingenium
1065 3941 1210 4016 hominis,
1233 3944 1260 4002 si
1283 3941 1360 4020 quid
1383 3940 1431 4002 vel
1448 3941 1567 4024 tingere

111 4044 285 4107 commode
309 4049 473 4126 potuisset.
508 4045 704 4125 Quanquam
728 4048 812 4105 enim
836 4043 930 4127 stare)
962 4045 1038 4106 odio
1068 4046 1236 4126 furoreque
1267 4045 1402 4120 effertur,
1435 4055 1468 4105 ut
1499 4047 1567 4107 sine

112 4161 220 4212 mente
244 4169 405 4231 sensuque
425 4153 480 4212 sit:
505 4150 662 4212 erubescit
687 4162 794 4211 tamen
811 4151 968 4211 manifesti
984 4150 1141 4212 mendacii
1157 4153 1297 4231 coargui.
1321 4149 1429 4229 Atque
1446 4152 1566 4212 utinam

111 4264 200 4315 tanta
223 4253 391 4336 diligentia,
415 4265 535 4335 quanta
558 4254 735 4334 pontifices,
758 4254 880 4316 divinas
903 4255 990 4337 leges
1014 4256 1215 4316 observaret!
1250 4253 1459 4334 Temperaret
1480 4256 1565 4315 enim

112 4358 287 4438 plerunque
326 4359 457 4440 linguae,
495 4378 600 4439 neque
639 4361 790 4420 omnibus
823 4359 1015 4421 maledicere
1053 4360 1159 4420 bonae
1193 4360 1406 4419 conscientiae
1440 4360 1566 4440 signum

111 4463 322 4523 arbitraretur.
346 4462 445 4542 Quod
468 4483 544 4524 vero
567 4465 609 4524 ait
633 4464 778 4544 graviora
802 4482 901 4524 onera
924 4462 1051 4542 populis
1073 4465 1205 4542 imponi,
1228 4463 1359 4525 forsitan
1374 4482 1483 4524 verum
1501 4474 1564 4526 est:

110 4584 217 4644 neque
230 4565 261 4626 id
277 4567 373 4647 culpa
388 4567 578 4645 pontificum
593 4566 635 4641 ht,
659 4566 716 4629 sed
732 4585 853 4641 eorum,
873 4570 927 4647 qui
943 4568 1169 4645 voluptatibus
1185 4567 1303 4629 deliciis
1318 4566 1565 4646 libidinibusque

110 4673 228 4732 assueti
260 4672 383 4732 virtutis
413 4673 471 4731 iter
497 4671 711 4733 reformidant.
749 4670 895 4733 Salvator
925 4682 1010 4733 certe
1040 4682 1149 4732 noster
1176 4673 1284 4753 iugum
1308 4691 1404 4734 suave
1427 4683 1459 4733 et
1482 4691 1564 4734 onus

203 4877 233 4943 ιτ)
252 4876 279 4928 Μ
299 4893 368 4943 quae
388 4876 484 4929 dixerit
503 4886 659 4944 praecepto,

203 4962 233 5029 ¹⁸)
254 4965 280 5014 M
299 4963 467 5016 testimonio.

203 5050 232 5116 ¹⁹)
251 5051 279 5102 Μ
298 5067 364 5103 num
384 5049 519 5102 eiusmodi
543 5059 616 5102 extet
634 5049 797 5118 pontificum
817 5051 969 5104 decretum.

199 5137 231 5203 Ν)
250 5137 277 5189 M
297 5137 364 5190 eius.

199 5224 233 5291 ²¹)
252 5225 280 5276 M
298 5224 379 5290 quod.

198 5311 232 5378 ²²)
252 5312 278 5362 lt
298 5310 434 5363 interdum
455 5311 502 5373 ira,
523 5311 713 5364 interdum...
