3696 5836
199 399 249 453 166
876 391 969 455 1507.

195 615 272 674 mira
295 622 460 691 praeterea
483 631 534 672 ars
557 611 599 674 ad
623 613 747 673 animos
761 610 930 673 hominum
952 608 1178 685 conciliandos,
1202 608 1383 693 dignusque
1398 612 1532 672 omnino
1557 619 1656 682 esset,

194 717 245 777 cui
267 735 346 794 opes
369 715 584 796 honoresque,
615 736 698 797 quos
720 726 809 778 tanto
832 714 939 778 studio
969 717 1100 794 expetit,
1131 716 1357 797 contingerent,
1387 716 1447 776 nisi
1471 712 1653 777 blandienti

194 821 340 882 fortunae
363 818 433 899 plus
457 823 539 881 iusto
563 820 722 882 interdum
753 818 872 895 fideret,
904 830 936 882 et
959 821 1089 882 dotibus
1120 830 1252 882 naturae
1279 837 1394 902 magna
1417 837 1460 879 ex
1483 829 1585 897 parte,
1617 827 1653 879 ut

193 925 278 986 lama
308 935 365 997 est,
395 925 587 985 abuteretur.
619 924 684 988 Sed
714 925 878 986 innumera
910 942 1040 1005 quoque
1071 925 1130 985 alia
1161 923 1305 1004 quotidie
1335 925 1366 985 in
1396 922 1458 984 hac
1486 922 1653 1001 provincia

193 1029 443 1102 committuntur,
474 1047 556 1108 quae
585 1047 717 1089 censore
748 1027 933 1109 indigerent,
963 1039 996 1089 et
1025 1026 1068 1089 ad
1097 1046 1143 1102 ea,
1174 1047 1257 1108 quae
1287 1047 1345 1089 rex
1371 1027 1553 1088 haereticus
1576 1026 1651 1087 totis

193 1133 309 1193 viribus
343 1132 542 1212 prohibebat,
573 1152 630 1193 rex
660 1131 845 1194 christianus
875 1134 983 1193 nescio
1013 1130 1181 1212 quomodo
1208 1131 1368 1205 dormitat,
1393 1150 1582 1211 vereorque,
1610 1149 1650 1190 ne

195 1235 275 1297 haec
298 1234 446 1298 affectata
469 1237 657 1318 benignitas,
681 1255 744 1316 qua
767 1237 860 1296 nobis
883 1235 966 1297 adeo
989 1235 1161 1314 placemus
1185 1238 1216 1296 in
1240 1253 1390 1318 magnam
1406 1246 1437 1297 et
1453 1233 1650 1312 reipublicae

194 1352 224 1401 et
248 1339 406 1420 religionis
429 1341 600 1420 perniciem
624 1340 797 1421 aliquando
821 1353 975 1418 erumpat,
1001 1339 1067 1404 Sed
1089 1341 1169 1402 haec
1191 1341 1333 1401 sinamus
1355 1339 1469 1413 valere,
1492 1340 1650 1418 quoniam

194 1445 412 1524 unusquisque
435 1444 568 1506 domino
592 1464 652 1507 suo
675 1456 737 1507 stat
760 1455 814 1507 aut
837 1444 929 1519 cadit,
953 1455 984 1506 et
1008 1463 1071 1505 non
1088 1458 1172 1505 caret
1195 1445 1336 1523 periculo
1359 1464 1425 1519 eos,
1444 1445 1499 1525 qui
1515 1442 1648 1506 foenum

195 1550 226 1609 in
249 1567 350 1610 cornu
373 1547 502 1622 habent,
527 1547 698 1609 offendere.
723 1547 812 1609 Vale.
836 1547 887 1609 Ex
911 1548 1133 1627 Hassensteyn
1157 1548 1176 1612 8
1200 1548 1371 1612 Februarii.

282 1734 404 1787 Podatek
417 1733 480 1788 listu
493 1733 596 1803 doty'ka
612 1752 642 1787 se
655 1734 751 1802 zajiste
767 1734 838 1802 jeste
857 1735 963 1788 iadosti
983 1734 1143 1789 slulebnllra
1155 1736 1349 1789 Bohuslavova
1361 1735 1507 1788 Frantislra
1521 1735 1648 1789 Schneit·

195 1822 249 1875 tela
267 1822 314 1875 tal<
335 1821 399 1888 jako
424 1822 477 1875 oba
501 1822 565 1890 listy
588 1822 721 1891 pledesle,
738 1822 782 1890 jei
806 1822 869 1876 take
889 1839 907 1875 u
926 1822 1018 1876 lllitisa
1042 1823 1088 1876 list
1109 1823 1160 1875 nait
1178 1824 1267 1892 ptimo
1285 1823 1469 1892 pledchitaejl.
1501 1823 1649 1892 Vyhovela

195 1909 270 1962 tudli
288 1909 428 1962 konsistol
452 1908 558 1962 iadosti
583 1910 655 1977 plina
674 1909 681 1962 i
701 1909 869 1962 sluiebnr'ka.
900 1909 992 1963 Odtud
1011 1911 1131 1979 vyplyva
1155 1915 1222 1964 uase
1241 1911 1354 1964 vredenl
1375 1909 1456 1978 jalroi
1479 1910 1522 1964 iz
1541 1910 1647 1978 vy'roku

195 1996 357 2065 pisatelova,
380 1995 413 2049 ie
437 1995 494 2049 kral
518 1996 678 2049 sBratlimi
705 1997 792 2049 mlrne
816 1997 942 2057 naklada,
962 1996 1012 2050 cod
1036 2015 1053 2049 0
1078 1998 1127 2051 rok
1152 1997 1267 2066 pozdeji,
1293 1996 1365 2065 lrdyi
1382 1997 1475 2066 vydan
1500 1995 1548 2066 byl
1568 1998 1648 2064 lrruty

195 2084 290 2137 deliret
308 2083 378 2152 proti
398 2083 465 2146 nim,
478 2084 609 2137 nemohlo
627 2082 686 2151 by'ti
705 2087 835 2152 vyideno.
853 2085 920 2152 Jalre
938 2091 967 2137 to
986 2084 1051 2153 byly
1067 2085 1137 2138 »ludi
1157 2085 1268 2152 quidam
1288 2091 1316 2137 et
1334 2085 1512 2153 spectacula«
1530 2102 1548 2136 v
1562 2086 1649 2137 Praze

196 2170 324 2238 strojene,
343 2188 360 2223 a
378 2170 431 2222 lrdo
455 2169 501 2238 byl
524 2169 663 2236 strltjcem,
680 2170 733 2237 jejt
751 2171 891 2224 Bohuslav
916 2172 1008 2224 ehvall
1033 2171 1041 2224 i
1066 2172 1140 2233 kare,
1162 2172 1214 2224 zda
1238 2169 1360 2239 nejvyssi
1383 2171 1497 2223 kanclel‘
1513 2170 1650 2223 Albrecht

195 2275 210 2310 z
229 2259 361 2312 Kolovrat
377 2260 479 2327 (srovn.
498 2257 654 2310 Palaclrcho
673 2258 705 2319 V,
724 2258 749 2320 2,
769 2258 820 2311 120
838 2274 855 2311 a
873 2259 910 2324 n.)
929 2257 954 2311 ti
974 2258 1086 2312 kanclet
1104 2259 1221 2311 Stareho
1241 2259 1330 2311 Mesta
1349 2257 1438 2310 Pasek
1456 2258 1584 2321 eratu,
1603 2275 1648 2310 ne·

196 2346 300 2399 umime
318 2344 456 2414 povedeti.

890 2593 960 2659 136.

463 2730 682 2806 Bohuslav
709 2731 948 2829 Augustino
977 2730 1326 2806 Olomouckemu.

283 2903 303 2960 Ζ
324 2902 478 2961 Ηεείἒίοίιιι
496 2904 588 2972 (1507)
602 2933 635 2944 -
647 2904 692 2960 2⁸.
712 2906 804 2960 laeta.
823 2902 971 2972 vyjadruje
990 2903 1115 2973 potesenl
1134 2903 1237 2966 ztolro,
1256 2902 1287 2956 ie
1307 2920 1354 2956 rnu
1372 2903 1499 2956 konedne
1518 2903 1556 2955 od
1577 2903 1652 2956 krale

197 2991 316 3044 udineno
329 2992 433 3054 zadost,
446 2991 488 3044 ale
502 2992 621 3044 zaroveil
640 2989 760 3044 nelibost
779 2991 832 3044 nad
852 2991 1011 3058 podlnanlm
1031 2989 1179 3058 odbojnllrii
1192 2989 1407 3059 (Kadallslry'ch),
1421 2990 1499 3053 ktel‘r',
1513 2992 1547 3042 ac
1562 2991 1653 3058 posud

198 3079 298 3132 niteho
317 3078 469 3148 nepoildili,
488 3082 552 3149 piec
572 3077 704 3131 osveddili
723 3077 775 3130 bez
793 3077 899 3146 pildiny
918 3079 1020 3145 pdntlrn
1040 3094 1055 3130 z
1074 3076 1216 3130 Lobkovic
1236 3077 1307 3145 mysl
1327 3076 1529 3145 neptatelslou.
1563 3077 1654 3140 Prosi,

197 3166 259 3235 aby,
272 3166 364 3236 lrdyby
383 3169 454 3219 neco
472 3166 638 3235 podobneho
657 3181 693 3217 na
711 3166 785 3218 letale
804 3163 868 3233 bylo
887 3181 976 3218 znova
997 3181 1143 3227 emeseno,
1161 3163 1255 3233 nebyii
1274 3163 1440 3217 Lobkovittt
1458 3163 1587 3225 seweni,
1600 3163 1655 3217 nei

198 3253 233 3324 by
251 3253 307 3323 byli
325 3252 475 3322 vyslyseni.
494 3237 605 3306 lauans
623 3251 709 3304 basae
729 3252 777 3319 pry
797 3269 844 3304 rnu
862 3253 948 3319 pesle,
965 3251 1012 3318 jen
1031 3254 1060 3304 at
1078 3269 1108 3304 se
1127 3252 1208 3311 stari,
1224 3251 1261 3318 by
1280 3268 1326 3304 mu
1345 3251 1475 3304 Plutarch
1493 3252 1592 3305 zaslan
1606 3251 1654 3319 byl

198 3358 232 3393 co
251 3340 382 3408 nejdllve.
402 3341 481 3406 (Luc.
500 3338 555 3403 9-1.)

283 3515 465 3597 Augustino
489 3513 697 3577 Olomucensi
720 3536 744 3576 s
768 3535 799 3594 p.
824 3516 854 3578 d.
882 3496 1010 3578 Literae
1030 3529 1111 3591 tuae,
1134 3514 1313 3599 Augustino
1337 3517 1465 3596 optime,
1489 3514 1656 3576 iucundae

199 3619 272 3680 milri
300 3619 448 3680 simulet
472 3618 626 3679 molestae
658 3620 792 3680 luerunt.
824 3619 961 3681 Gaudeo
988 3622 1073 3681 enim
1096 3642 1114 3682 a
1137 3619 1238 3699 Regia
1267 3618 1436 3681 Maiestate
1465 3630 1521 3680 tua
1551 3620 1656 3697 potis·

198 3726 322 3796 simum,
346 3735 380 3783 ut
403 3742 465 3804 ego
488 3724 600 3794 sentin,
627 3742 725 3801 opera
750 3724 824 3785 milii
848 3724 1042 3786 satisfactum
1065 3743 1151 3799 esse,
1178 3743 1274 3803 aegre
1297 3735 1404 3784 autern
1428 3723 1495 3783 lero
1519 3741 1589 3798 eos,
1612 3722 1656 3784 de

198 3827 313 3906 quibus
337 3827 542 3887 benemeriti
567 3846 686 3901 sunms,
715 3830 822 3890 nescio
846 3829 923 3908 quid
948 3828 1117 3889 adversum
1148 3848 1209 3889 nos
1232 3829 1351 3906 conari,
1380 3829 1434 3907 qui
1462 3846 1656 3908 quanquam

196 3931 269 3992 nihil
303 3950 424 4003 eorum,
459 3951 541 4011 quae
576 3933 741 4011 optabant,
776 3934 912 3993 assecuti
943 3943 1025 4006 sunt,
1056 3931 1267 4010 prodiderunt
1297 3943 1406 3994 tamen
1439 3931 1657 4013 cogitationes

198 4047 334 4109 suaset,
357 4054 423 4114 quo
446 4038 554 4097 animo
578 4055 653 4117 erga
675 4055 735 4096 nos
758 4037 828 4111 sint,
859 4036 1078 4098 ostenderunt.
1109 4035 1208 4115 Quod
1239 4055 1300 4118 ego
1331 4044 1501 4114 propterea
1524 4036 1657 4116 gravius

198 4142 310 4220 patior,
333 4143 486 4221 quoniam
506 4142 626 4202 vicinus
648 4160 719 4201 sum
743 4154 782 4215 ct,
806 4161 889 4221 quae
912 4153 1053 4223 agantur,
1077 4140 1220 4220 quotidie
1243 4141 1414 4220 prospici0‚
1436 4138 1579 4221 nihilque
1598 4140 1658 4203 ad·
1724 4199 1726 4202 .

198 4257 287 4307 verto
310 4256 364 4306 aut
388 4245 505 4306 lactum
529 4264 599 4306 esse
626 4256 681 4306 aut
711 4245 786 4319 sieri,
818 4258 852 4306 ut
882 4247 1046 4325 quippiam
1077 4243 1259 4305 huiusmodi
1288 4243 1391 4305 moliri
1419 4245 1485 4306 iure
1516 4246 1657 4322 possint,

200 4369 264 4411 non
288 4349 488 4412 blanditurus
509 4349 652 4428 profecto
675 4349 770 4419 fratri,
794 4352 818 4409 si
842 4349 918 4430 quid
942 4363 1065 4428 praeter
1087 4351 1135 4409 ius
1159 4348 1269 4429 sasque
1292 4358 1435 4410 tentaret.
1470 4345 1539 4410 Seis
1563 4352 1655 4411 enirn

199 4475 250 4515 me
274 4468 307 4516 ut
332 4455 460 4515 minime
483 4454 523 4515 ad
548 4473 696 4514 neumam
719 4454 901 4514 absolutum
926 4456 968 4515 ita
991 4473 1056 4514 non
1080 4454 1212 4513 omuino
1234 4452 1354 4514 malum
1376 4471 1482 4532 neque
1497 4472 1516 4512 a
1533 4454 1658 4515 iustitia

200 4570 231 4619 et
255 4562 414 4640 aequitate
445 4578 575 4637 prorsus
605 4558 742 4619 alienum
773 4578 853 4621 esse.
884 4555 1052 4619 Caeterum
1084 4557 1197 4618 accidit
1229 4558 1293 4631 illis,
1323 4555 1413 4637 quod
1438 4555 1534 4637 vulgo
1558 4557 1657 4621 solet.

201 4663 349 4742 lmperita
373 4667 457 4724 enim
481 4663 650 4725 multitudo
674 4674 787 4740 utpote
810 4665 986 4724 novitatum
1009 4660 1100 4722 nitida
1124 4661 1213 4722 facile
1237 4662 1353 4723 lineet
1377 4661 1448 4722 illuc
1472 4661 1658 4741 impellitur,

201 4787 306 4848 neque
329 4787 470 4846 unquam
494 4770 650 4844 praesenti
674 4787 776 4827 rerum
804 4780 887 4828 statu
911 4778 1061 4828 contenta
1084 4778 1140 4840 est,
1171 4778 1211 4839 et,
1240 4777 1273 4828 ut
1297 4766 1346 4827 ille
1370 4768 1420 4840 ait,
1448 4765 1659 4848 dominisque

201 4884 378 4953 gravantur,
402 4890 485 4949 quos
508 4871 605 4931 odere
629 4874 738 4951 magis.
777 4870 879 4949 Spero
903 4884 1010 4933 tamen
1033 4871 1108 4943 lore,
1137 4883 1172 4932 ut
1195 4872 1272 4932 llaec
1296 4873 1403 4931 (lmnia
1427 4873 1659 4952 inmagistros

201 4996 278 5037 suos
300 4974 450 5038 recidant.
475 4974 590 5055 Neque
613 4978 832 5038 dubitabimus
856 4996 953 5055 opera
977 4987 1039 5049 tua,
1063 4995 1160 5055 quam
1184 4977 1278 5037 nobis
1301 4975 1384 5036 adeo
1401 4973 1569 5036 liberaliter
1584 4979 1660 5057 pol·

201 5080 309 5153 liceris,
340 5081 394 5139 ubi
417 5099 466 5140 res
489 5084 602 5161 exiget,
633 5081 838 5141 fidentissime
863 5083 914 5153 uti,
945 5083 1172 5160 enitennuque,
1204 5091 1238 5141 ut
1264 5082 1440 5141 amicorum
1468 5096 1532 5157 ope
1555 5091 1660 5162 atque

200 5184 332 5245 consilio
356 5194 386 5242 et
410 5185 505 5244 nobis
527 5186 731 5246 consulamus
754 5197 784 5245 et
808 5205 927 5245 cornua
951 5184 1113 5244 rebellium
1138 5184 1386 5264 confringamus.
1411 5181 1539 5243 lnteritn
1559 5195 1658 5248 tuum

202 5290 267 5361 erit,
301 5289 325 5346 si
353 5287 430 5366 quid
461 5288 523 5349 tale
553 5289 593 5349 ad
626 5290 756 5369 Regiam
789 5289 989 5349 Maiestatem
1020 5288 1161 5349 delatum
1189 5287 1290 5360 suerit,
1323 5307 1442 5360 curare,
1478 5307 1527 5362 ne,
1562 5292 1659 5370 quod
