3660 5850
880 613 949 676 171.

363 747 583 822 Bohuslav
610 747 845 823 Vdclavovi
873 750 1057 825 kancleri
1086 750 1461 826 Rodmberskemu.

272 902 356 982 Zeus,
381 919 435 989 aby
458 919 512 982 list.
538 921 615 989 lrtery
639 921 711 974 bude
733 920 855 990 jmenem
880 922 1019 990 plnovpm
1044 922 1125 993 psati,
1149 923 1293 992 ponevadi
1317 940 1348 976 se
1370 921 1455 989 jedna
1478 938 1497 975 o
1521 922 1642 976 bloveka

186 1005 383 1075 tvrdotijneho
401 1006 449 1061 tak
467 1007 571 1076 napsal‚
590 1007 644 1077 aby
663 1010 717 1061 nali
737 1008 892 1063 utinkoval.
913 1010 1003 1077 (Nova
1021 1009 1100 1078 epist
1119 1027 1180 1079 app.
1198 1008 1272 1077 eur.)

272 1181 311 1243 D.
334 1183 525 1258 Venceslao,
549 1184 754 1246 dominorum
778 1184 819 1246 de
840 1184 1031 1247 Rosenberk
1053 1186 1241 1248 cancellario
1257 1206 1280 1249 s.
1296 1186 1326 1247 d
1350 1185 1526 1248 Familiaris
1544 1203 1641 1248 meus

186 1284 293 1348 Lucas
322 1288 434 1350 referet
463 1285 568 1368 aliqua
590 1287 724 1350 domino
747 1299 804 1351 tuo
826 1292 957 1351 nomine
979 1309 1067 1352 meo:
1097 1310 1181 1371 quae
1210 1293 1365 1373 quoniam
1393 1291 1450 1351 tibi
1479 1290 1641 1351 committi

186 1389 288 1452 solere
311 1393 388 1469 scio,
411 1410 523 1471 precor
546 1403 585 1467 te,
609 1404 644 1454 ut
666 1394 788 1455 amicus
811 1394 861 1468 sis,
885 1402 916 1454 et
940 1392 1046 1454 literas
1068 1393 1197 1469 domini,
1227 1414 1309 1476 quas
1330 1394 1506 1457 dictaturus
1528 1411 1573 1465 es,
1597 1392 1640 1453 ita

186 1494 362 1557 modereris
384 1507 481 1576 atque
504 1507 672 1577 temperes,
695 1507 730 1559 ut
752 1496 870 1577 aliquid
893 1496 1040 1559 efficiant
1064 1497 1176 1560 Homo
1199 1500 1293 1573 enim,
1308 1517 1449 1578 quocum
1468 1496 1545 1558 mihi
1561 1516 1641 1580 neg-

185 1600 287 1660 otium
310 1611 367 1675 est,
390 1600 489 1662 durae
511 1600 690 1662 admodum
713 1601 841 1663 cervicis
863 1612 919 1676 est,
943 1611 974 1662 et
997 1604 1055 1663 nisi
1078 1612 1211 1664 coactus
1232 1604 1286 1664 vix
1309 1620 1451 1683 unquam
1474 1603 1506 1662 in
1529 1599 1640 1662 officio

186 1715 360 1782 permanet.
386 1703 475 1766 Haec
498 1706 552 1766 tibi
576 1707 706 1768 forsitan
728 1716 877 1786 suspecta
899 1716 981 1779 sunt,
1008 1705 1066 1767 sed
1088 1708 1115 1767 si
1138 1725 1245 1768 mores
1268 1725 1360 1767 meos
1382 1723 1571 1786 cognoscas
1596 1703 1641 1765 sa-

184 1807 242 1870 eile
264 1811 384 1887 poteris
399 1810 455 1870 tibi
471 1808 663 1887 persuadere
686 1828 738 1870 me
753 1812 795 1872 ab
810 1811 898 1872 initio
914 1808 1148 1873 adolescentiae
1171 1808 1398 1890 philosophum
1414 1810 1521 1887 potius
1537 1826 1642 1888 quam

184 1922 345 1973 oratorem
367 1915 482 1994 egisse,
501 1925 533 1975 et
556 1914 736 1997 diligentius
759 1914 949 1988 elaborasse,
973 1925 1006 1976 ut
1029 1932 1224 1993 veroquam
1247 1924 1283 1976 ut
1304 1931 1423 1975 causae
1445 1931 1538 1974 meae
1562 1931 1641 1973 con-

183 2018 340 2078 venientia
363 2017 485 2097 loquar.
509 2017 599 2079 Vale.

270 2205 329 2273 Jest
346 2213 376 2259 to
395 2206 508 2258 kancler
527 2205 714 2274 Roimberslqi
734 2207 847 2269 Vaclav,
866 2205 945 2275 ktery
965 2205 1066 2274 lroupiv
1083 2223 1104 2259 r.
1125 2203 1191 2257 1487
1210 2212 1270 2258 tvrz
1287 2205 1393 2268 Rome,
1412 2205 1472 2273 psal
1488 2221 1520 2257 se
1538 2204 1641 2256 zRov·

184 2290 266 2353 neho,
284 2307 301 2343 a
320 2299 382 2345 stav
406 2309 436 2345 se
461 2293 617 2346 kaneleiem
642 2293 723 2345 okolo
748 2309 768 2345 r.
789 2291 856 2344 1475
879 2291 913 2346 iil
934 2291 1005 2360 jelte
1031 2309 1066 2345 na
1085 2294 1146 2360 poe.
1166 2292 1238 2345 XVI.
1257 2293 1319 2345 stol.
1349 2291 1403 2362 Jlm
1428 2297 1560 2345 sestaven
1584 2290 1641 2358 jest

183 2374 316 2430 formulal
334 2377 530 2448 Roimberslrp‚
544 2381 611 2447 nynl
629 2397 647 2431 v
659 2379 723 2433 bibl.
736 2380 824 2433 Klern.
837 2380 892 2448 pod
911 2380 981 2447 sign.
995 2379 1013 2431 l.
1027 2380 1058 2432 E.
1070 2377 1106 2431 40
1124 2379 1261 2447 chovany'‚
1278 2396 1295 2431 o
1308 2378 1389 2431 nemi
1408 2377 1519 2445 arovnej
1538 2377 1641 2431 elanelr

184 2463 214 2516 F.
232 2464 325 2533 Tadry
343 2482 377 2518 ve
396 2466 531 2519 Vestnllru
556 2466 594 2519 lrr.
613 2466 695 2520 eeske
721 2467 789 2535 spol.
807 2468 880 2519 naulr
900 2465 975 2519 1890.
1006 2464 1130 2533 Ojakou
1155 2467 1205 2518 vec
1230 2464 1418 2519 Bohuslavovi
1443 2464 1494 2526 sle,
1517 2464 1641 2516 nevime.

184 2551 332 2604 Ponevadi
351 2569 368 2603 v
386 2551 451 2604 lietu
469 2569 499 2605 se
518 2553 673 2622 plipomina
692 2553 794 2615 Lulral,
813 2552 902 2606 neleit
920 2553 986 2622 pled
1005 2570 1026 2606 r.
1046 2551 1121 2606 1505.

876 2836 945 2899 172.

505 2972 724 3047 Bohuslav
752 2972 966 3047 Kristianu
995 2970 1318 3067 Langheimovi.

271 3141 291 3197 Ζ
312 3140 466 3199 Ηαοίἒίοίηι
482 3173 507 3181 -
525 3145 561 3198 17.
583 3158 654 3215 prou.
674 3144 811 3197 Omlouva
829 3143 968 3198 liknavost
986 3161 1055 3196 svou
1074 3160 1108 3195 ve
1126 3142 1205 3212 psanl
1224 3140 1376 3209 rozlientm
1395 3141 1643 3209 zanepraznenim.

186 3231 211 3282 K
229 3230 334 3292 otazce
354 3229 448 3297 maji-li
473 3230 526 3283 lide
552 3231 633 3283 udenl
652 3248 682 3283 se
701 3230 795 3294 leniti,
814 3231 959 3299 odpovlda,
979 3230 1010 3284 le
1029 3231 1116 3298 aspoli
1135 3248 1152 3282 v
1172 3228 1309 3282 Nemclch
1327 3227 1421 3282 nikoli.
1445 3227 1527 3295 (Luc.
1547 3227 1643 3294 11917.)

272 3403 452 3469 Christiano
472 3406 672 3490 Langkheim
696 3429 720 3472 s.
744 3427 775 3487 p.
800 3408 829 3468 d.
852 3407 951 3488 Quod
975 3409 1070 3470 literis
1092 3408 1154 3469 tuis
1177 3407 1330 3468 hactenus
1354 3407 1485 3466 minime
1509 3423 1643 3486 respon·

187 3509 296 3584 derim,
331 3530 397 3572 non
421 3512 502 3574 lastu
526 3531 631 3590 neque
654 3513 852 3593 negligentia,
883 3524 916 3574 ut
947 3525 981 3574 tu
1012 3513 1167 3572 criminari
1198 3510 1319 3584 videris
1350 3509 1469 3570 lactum
1494 3518 1552 3581 est,
1583 3507 1642 3568 sed

188 3616 301 3692 partim
325 3617 399 3696 quia
423 3618 512 3677 variis
536 3619 801 3696 occupationibus
824 3616 992 3695 implicitus
1022 3634 1118 3688 eram,
1148 3613 1263 3694 partim
1294 3615 1390 3674 etiam
1420 3610 1511 3693 quod
1542 3631 1642 3673 nemo

187 3738 221 3778 se
245 3720 368 3792 obtulit,
392 3721 445 3799 qui
469 3720 509 3780 ad
533 3732 564 3782 te
586 3722 845 3800 proficisceretur.
868 3718 1020 3799 Alioquin
1045 3719 1188 3796 prolecto
1213 3719 1342 3778 minime
1365 3716 1473 3778 locum
1490 3715 1643 3795 querelae

187 3832 261 3883 tuae
284 3823 496 3902 reliquissem,
521 3843 625 3903 neque
648 3826 733 3885 enim
757 3836 821 3885 tam
838 3825 1020 3884 inconstans
1043 3843 1123 3897 sum,
1145 3834 1180 3883 ut
1196 3840 1292 3902 quem
1316 3821 1402 3901 prius
1418 3839 1528 3881 amare
1547 3822 1642 3900 coepi

188 3945 283 4004 quam
309 3946 412 3997 nosse,
435 3939 609 4006 antequam
632 3930 699 3989 eius
722 3928 898 4006 periculum
922 3927 1065 4001 facerem,
1089 3926 1260 4008 negligam;
1284 3943 1388 4003 neque
1412 3934 1447 3986 tu
1470 3925 1497 3984 is
1519 3943 1564 3997 es,
1588 3927 1641 4005 qui

188 4032 300 4092 merito
323 4034 486 4092 contemni
510 4031 638 4093 debeas
662 4032 728 4094 Sed
752 4044 786 4093 ut
809 4043 955 4093 amantes
978 4042 1009 4092 et
1033 4032 1153 4091 levibus
1176 4050 1219 4090 ex
1241 4031 1345 4091 causis
1367 4026 1587 4100 offenduntur,
1610 4038 1642 4089 et

187 4134 246 4211 ipsi
266 4136 324 4195 sibi
340 4136 464 4196 somnia
482 4134 619 4216 fingunt:
643 4139 686 4197 ita
702 4148 733 4197 et
749 4145 791 4210 tu,
815 4138 967 4216 quoniam
983 4146 1014 4196 te
1030 4134 1154 4195 silentio
1170 4153 1244 4195 meo
1267 4132 1387 4195 laesum
1404 4145 1508 4211 putas,
1532 4134 1643 4192 nescio

189 4237 302 4316 qualia,
338 4258 421 4318 quae
451 4249 559 4300 tamen
583 4261 602 4300 a
625 4241 769 4300 moribus
800 4242 879 4300 meis
909 4258 1040 4318 prorsus
1071 4239 1171 4299 aliena
1201 4250 1283 4308 sunt,
1318 4237 1359 4297 de
1381 4233 1434 4297 me
1461 4237 1643 4314 suspicaris.

188 4338 357 4403 Caeterum
382 4362 420 4403 ea
443 4346 551 4404 omnia
574 4363 635 4425 ego
659 4342 748 4404 facile
771 4345 883 4421 patior,
910 4356 1006 4423 teque
1028 4354 1118 4404 tanto
1142 4344 1243 4424 magis
1264 4342 1392 4410 amabo,
1415 4350 1541 4420 quanto
1565 4343 1644 4401 ami-

187 4447 278 4507 citiae
301 4456 429 4508 nostrae
451 4448 649 4526 cupidiorem
671 4447 774 4508 video
798 4446 897 4527 Quod
920 4457 1027 4508 autem
1051 4449 1082 4507 in
1104 4446 1167 4507 fine
1190 4445 1343 4526 epistolae
1366 4445 1502 4524 quaeris,
1525 4463 1569 4504 an
1585 4444 1644 4505 ho-

187 4551 263 4610 mini
286 4549 432 4612 studioso
455 4551 617 4612 literarum
640 4572 724 4614 uxor
747 4551 896 4613 ducenda
919 4554 966 4625 sit,
997 4570 1062 4612 non
1086 4562 1133 4612 est
1157 4549 1232 4611 milri
1256 4560 1381 4610 tantum
1402 4550 1436 4609 in
1459 4549 1645 4626 praesentia

187 4656 250 4728 otii,
274 4666 308 4716 ut
331 4656 387 4715 tibi
410 4657 461 4729 ita,
485 4668 519 4716 ut
542 4676 592 4717 res
615 4657 767 4735 exposcit,
791 4655 985 4734 respondere
1007 4658 1136 4735 possim.
1159 4654 1300 4737 Vulgata
1323 4655 1418 4715 etiam
1438 4671 1477 4713 ea
1493 4652 1646 4731 quaestio

187 4769 242 4832 est,
266 4769 297 4818 et
320 4780 338 4819 a
362 4761 469 4821 multis
491 4771 556 4821 tam
572 4763 692 4840 graecis
715 4779 813 4839 quam
829 4761 931 4822 latinis
955 4770 1094 4831 tractata,
1118 4770 1151 4821 et
1173 4761 1203 4819 in
1219 4776 1433 4838 quancunque
1448 4759 1646 4818 sententiam

187 4862 400 4936 declinaveris
431 4883 496 4924 non
520 4863 654 4925 deerunt
677 4865 733 4925 tibi
756 4877 787 4925 et
810 4864 960 4941 exempla
991 4875 1022 4924 et
1052 4862 1305 4943 adstipulatores.
1336 4860 1369 4924 Si
1396 4872 1507 4922 autem
1531 4863 1646 4941 utique

187 4985 317 5027 neeesse
341 4976 397 5039 est,
421 4985 505 5045 quae
528 4970 638 5041 sentin,
663 4970 771 5046 paucis
788 4968 956 5047 explicare,
980 4967 1105 5045 puellae
1127 4969 1327 5048 germanicae
1346 4963 1550 5026 delicatiores
1569 4964 1646 5026 mihi

187 5069 341 5142 videntur,
372 5089 470 5149 quam
500 5082 534 5133 ut
564 5073 747 5152 coniugium
778 5073 889 5133 literati
921 5072 1001 5132 serre
1029 5074 1160 5150 possint.
1192 5071 1302 5150 ltaque
1332 5067 1420 5149 quod
1451 5070 1484 5127 in
1508 5065 1648 5129 Graecia

188 5173 340 5252 Italiaque
364 5175 527 5235 tolerabile
542 5175 671 5235 forsitan
695 5187 786 5249 esset,
810 5178 1004 5237 nostratibus
1019 5179 1073 5237 vix
1087 5174 1240 5255 expedire
1262 5174 1402 5245 arbitror,
1425 5172 1485 5233 nisi
1501 5171 1647 5252 aliquam

191 5276 396 5359 Hipparclren
413 5289 475 5349 aut,
493 5281 644 5360 quoniam
661 5279 747 5358 apud
764 5280 943 5342 Germanos
960 5299 1009 5342 res
1025 5282 1135 5363 agitur,
1160 5278 1343 5340 Hrosvitam
1364 5286 1477 5337 nactus
1492 5294 1538 5349 es,
1561 5294 1647 5355 quae
