3660 5850
813 383 904 441 1499.

833 632 883 694 66.

464 751 667 848 Jeronym
697 752 857 826 Balbus
880 752 990 846 Janu
1018 729 1244 825 dlechtovi.

218 919 239 974 Ζ
258 919 341 978 vitri
359 921 454 989 (1499)
473 951 505 960 -
525 922 561 978 ld.
580 922 688 980 hiezita.
713 924 826 976 Vadava
851 923 951 975 clrvltlu
976 940 1045 974 svou
1070 939 1086 974 a
1109 922 1225 991 biskupa
1244 925 1422 977 Vldeilslreho
1444 932 1532 993 proto,
1551 925 1582 977 ie

89 1077 93 1084 .
130 1007 234 1075 vydalni
251 1007 368 1076 jakychs
386 1007 466 1060 basnl
479 1009 557 1077 (Jana
572 1009 806 1076 Pannonskeho?)
825 1007 931 1077 opatiil,
950 1007 958 1060 i
977 1008 1066 1061 velebi
1082 1008 1118 1076 jej
1138 1009 1333 1062 aBohuslava.
1352 1011 1438 1072 Prosi,
1451 1011 1504 1079 aby
1518 1029 1583 1079 upo-

130 1096 225 1147 menul
244 1095 372 1148 iranclele
389 1096 461 1164 Jana
479 1082 658 1150 zSelnberlra
677 1116 693 1150 o
712 1099 770 1166 plat
787 1114 821 1149 za
839 1096 996 1166 vyudovanl
1015 1097 1103 1165 synlra
1120 1096 1263 1165 Jindiicha
1279 1095 1355 1164 jemu
1374 1097 1483 1167 dluiny'.
1502 1099 1581 1167 (App.

129 1199 222 1251 poem.
240 1181 311 1250 368.)

218 1342 437 1422 Hieronymus
460 1342 579 1404 Balbus
598 1344 624 1424 J.
648 1343 686 1406 U.
710 1343 749 1405 D.
769 1344 885 1424 Joanni
908 1341 1079 1416 Sslechtae,
1103 1343 1189 1424 regio
1213 1345 1435 1422 protonotario
1458 1364 1481 1404 s.
1505 1365 1535 1423 p.
1551 1346 1582 1407 d.

130 1444 301 1528 Magnifice
331 1448 375 1509 vir
402 1458 434 1510 et
464 1450 567 1510 amice
589 1447 806 1510 observande!
845 1447 945 1509 Divus
967 1447 1018 1508 ille
1041 1447 1215 1529 Augustus,
1241 1448 1370 1529 ingenio
1393 1468 1431 1510 ac
1454 1448 1582 1511 lortuna

129 1552 207 1628 pari,
230 1552 275 1613 ob
291 1551 323 1613 id
339 1553 480 1631 inprimis
496 1552 650 1627 laudatur,
667 1553 756 1634 quod
772 1551 887 1614 vexilla
901 1548 1092 1614 Crassorum
1107 1552 1230 1635 ignavia
1245 1549 1411 1630 deperdita
1426 1573 1445 1613 a
1460 1551 1581 1615 Parthis

128 1657 341 1735 recuperavit;
375 1676 460 1736 quae
492 1659 590 1721 etiam
624 1677 674 1719 res
707 1657 850 1736 pluribus
883 1667 959 1718 ante
991 1655 1106 1718 seculis
1136 1651 1271 1717 Camillo
1305 1674 1425 1716 nomen
1457 1658 1581 1736 peperit

128 1770 305 1824 aeternum.
329 1757 504 1840 Utriusque
526 1763 646 1842 quippe
668 1761 812 1843 gloriam,
834 1761 1021 1823 suavissime
1042 1758 1195 1834 Sslechta,
1217 1758 1332 1821 videris
1355 1779 1509 1839 aequasse
1531 1761 1581 1822 vel

128 1865 237 1942 potius
259 1883 436 1944 superasse,
460 1866 515 1944 qui
537 1883 603 1927 non
625 1864 740 1927 vexilla
763 1864 924 1947 quaedam
947 1867 1117 1939 interitura,
1147 1863 1205 1927 sed
1229 1861 1442 1925 florentissimi
1464 1874 1581 1944 poetae

128 1967 235 2029 divina
257 1967 411 2048 opuscula
435 1969 663 2031 nonnullorum
687 1972 810 2052 ignavia
840 1969 1006 2049 deperdita
1028 1968 1077 2031 vel
1100 1969 1208 2047 potius
1230 1968 1333 2029 aliena
1356 1969 1466 2031 fraude
1489 1972 1582 2031 inter-

127 2082 223 2151 cepta
246 2084 302 2134 tuo
326 2072 424 2134 ductu
449 2075 660 2155 auspiciisque
683 2086 870 2154 recuperata
901 2075 1076 2135 aeternitati
1101 2073 1236 2135 donasti.
1274 2070 1349 2151 Quo
1371 2073 1502 2152 quidem
1525 2094 1583 2136 no·

126 2178 213 2237 mine
235 2176 487 2239 studiosissimus
510 2180 647 2258 quisque
666 2179 731 2253 tibi,
756 2187 869 2257 utpote
892 2178 933 2240 de
956 2198 989 2238 re
1004 2177 1140 2239 literaria
1155 2178 1277 2256 optime
1293 2178 1414 2251 merit0,
1437 2179 1584 2259 ingentes

125 2281 243 2362 gratias
266 2292 298 2342 et
320 2282 384 2362 agit
408 2290 441 2341 et
463 2281 576 2343 habet:
609 2282 667 2344 sed
696 2283 838 2362 inprimis
868 2280 1018 2342 dominus
1048 2300 1140 2344 meus
1162 2280 1443 2343 reverendissimus
1466 2281 1582 2361 duplici

126 2384 246 2466 gaudio
270 2394 317 2447 est
339 2384 483 2460 affectus,
506 2397 538 2448 et
560 2386 650 2466 quod
674 2387 846 2466 propinqui
868 2388 915 2446 sui
936 2387 1125 2447 memoriam
1140 2404 1196 2465 per
1211 2396 1242 2447 te
1257 2385 1299 2446 ab
1316 2387 1402 2446 omni
1419 2385 1581 2448 oblivione

126 2488 321 2551 vindicatam
343 2489 496 2573 intelligit,
519 2501 552 2552 et
573 2489 663 2570 quod
694 2511 768 2552 eum
792 2489 1026 2572 elegantissima
1048 2488 1182 2569 epistola
1205 2509 1240 2550 es
1264 2499 1493 2570 prosequutus:
1515 2510 1580 2571 qua

127 2595 267 2673 perlecta
289 2615 369 2656 mox
391 2596 422 2656 in
446 2614 553 2656 meam
575 2596 766 2655 sententiam
789 2613 854 2657 non
877 2594 1009 2674 quidem
1036 2593 1173 2673 pedibus
1203 2590 1273 2677 (eos
1296 2594 1380 2654 enirn
1404 2593 1525 2656 debiles
1547 2604 1579 2656 et

127 2718 262 2761 mancos
284 2695 403 2782 habet),
425 2699 483 2761 sed
508 2709 578 2762 toto
602 2701 710 2761 animo
732 2701 920 2780 sinceroque
943 2698 1059 2761 iudicio
1082 2700 1147 2760 ivit:
1180 2710 1212 2759 te
1234 2696 1378 2759 videlicet
1401 2697 1580 2761 Ciceronia-

127 2823 203 2864 nam
226 2803 443 2883 eloquentiam
465 2803 514 2865 vel
538 2822 677 2884 aequare
701 2803 758 2878 vel,
781 2805 806 2864 si
829 2805 896 2864 eius
919 2805 1068 2864 maiestas
1091 2801 1122 2862 id
1146 2822 1212 2863 non
1228 2803 1354 2881 patitur,
1376 2804 1531 2881 proxime.
1540 2803 1582 2864 ad

127 2927 200 2969 eam
230 2907 392 2971 accedere.
431 2906 502 2990 Ego
532 2906 664 2987 quidem
695 2926 753 2986 pro
784 2918 892 2968 nostra
920 2918 1032 2968 mutua
1067 2905 1288 2968 benevolentia
1318 2908 1376 2968 toti
1407 2905 1582 2968 Bohemiae

126 3011 277 3093 gratulor,
307 3030 488 3093 quaecum
520 3010 596 3072 olim
624 3030 658 3071 re
681 3010 793 3071 bellica
815 3012 947 3071 caeteris
978 3020 1154 3089 praestaret
1177 3011 1369 3092 regionibus
1401 3012 1463 3071 iam
1487 3013 1582 3072 etiarn

127 3116 310 3198 eloquentia
334 3127 366 3178 et
388 3115 490 3178 Musis
506 3114 596 3177 iacile
611 3113 746 3176 excellit.
770 3113 851 3193 Quis
866 3115 952 3174 enim
967 3113 1016 3175 vel
1033 3113 1230 3175 Bohuslaum
1247 3113 1466 3176 Hasistenium
1481 3134 1583 3187 versu,

126 3221 177 3282 vel
206 3233 238 3283 te
272 3222 418 3282 oratione
452 3218 591 3298 pedestri
624 3217 742 3280 audeat
770 3237 953 3297 provocare,
985 3221 1038 3298 qui
1069 3218 1155 3280 velut
1183 3217 1249 3279 duo
1276 3216 1408 3279 lulrnina
1432 3221 1490 3280 toti
1513 3220 1582 3281 orbi

126 3324 267 3388 tonatis?
289 3323 355 3387 Sed
378 3323 463 3386 istud
486 3323 573 3384 idem
603 3342 704 3398 versu,
727 3322 961 3403 quantumlibet
992 3322 1111 3384 inculto
1141 3332 1173 3384 et
1204 3324 1265 3384 tuis
1292 3325 1422 3385 auribus
1444 3323 1585 3406 indigno,

126 3430 218 3492 libuit
241 3431 407 3510 prosequi:

318 3567 419 3630 Terra
441 3566 564 3629 Boema
587 3566 654 3628 lero
678 3565 845 3646 quondam
868 3565 1043 3626 metuenda
1065 3536 1208 3628 Gradivo
1231 3577 1290 3627 etc.
1313 3576 1373 3628 etc.

124 3707 293 3787 Quantum
316 3705 358 3768 ad
380 3705 550 3768 dominum
575 3706 750 3767 Henricum
774 3707 893 3779 attinet,
918 3703 1043 3783 plenius
1066 3707 1222 3782 proximis
1244 3707 1324 3766 meis
1347 3703 1441 3768 literis
1457 3708 1580 3785 scripsi:

125 3832 202 3874 eum
225 3813 310 3873 enim
333 3812 428 3873 bonis
451 3811 573 3873 artibus
596 3813 640 3871 ita
661 3809 784 3882 erudio,
808 3819 843 3870 ut
866 3807 940 3870 fidei
963 3808 1136 3889 officioque
1159 3828 1233 3870 meo
1249 3809 1390 3871 satisfiat.
1414 3806 1582 3888 Cuperem,

126 3927 163 3980 ut
193 3916 361 3978 dominum
391 3917 594 3995 capitaneum
603 3910 632 3996 *)
663 3916 725 3976 tuis
755 3912 850 3974 literis
881 3912 1072 3975 admoneres
1096 3912 1210 3974 debiti:
1242 3932 1317 3974 nam
1340 3915 1404 3975 iam
1426 3933 1485 3975 sex
1508 3934 1582 3993 pro-

125 4023 222 4082 ximis
244 4021 409 4083 mensibus
432 4020 496 4082 lere
519 4021 649 4081 nomine
672 4020 769 4097 ipsius
792 4017 868 4079 nihil
891 4019 1016 4098 aecepi;
1040 4036 1099 4077 nec
1122 4019 1188 4078 iure
1211 4017 1330 4096 aliquid
1353 4019 1394 4080 ab
1418 4038 1458 4079 eo
1474 4029 1583 4099 petere

126 4145 271 4205 possum,
301 4144 376 4188 curn
398 4136 505 4187 tecum
535 4124 694 4185 duntaxat
715 4122 799 4184 hanc
822 4124 1005 4201 pactionem
1029 4123 1158 4183 inierim.
1197 4121 1341 4183 Pannum
1365 4133 1397 4184 et
1420 4122 1518 4201 pelles
1542 4124 1583 4184 ab

125 4230 254 4311 hospite
277 4226 406 4290 Aureae
428 4226 538 4292 Crucis
568 4229 759 4307 recuperavi,
790 4228 997 4304 pecuniarum
1029 4237 1135 4288 autem
1166 4226 1257 4301 nihil;
1287 4229 1330 4289 ait
1356 4229 1442 4289 enim
1465 4226 1506 4288 ab
1530 4227 1583 4290 illo

126 4344 305 4396 mercatore
328 4353 369 4395 ne
391 4351 561 4395 nummum
585 4331 716 4413 quidem
732 4332 790 4392 sibi
807 4329 960 4391 relietum.
984 4328 1164 4404 Caeterum,
1180 4332 1358 4393 amicorum
1373 4333 1582 4414 integerrime,

125 4442 170 4500 ita
194 4440 249 4501 tibi
272 4436 475 4518 persuadeas,
498 4436 577 4498 dum
600 4437 726 4516 spiritus
741 4433 818 4496 mihi
841 4436 1003 4514 supererit,
1027 4453 1079 4496 me
1102 4436 1164 4496 tuis
1185 4437 1268 4496 votis
1291 4437 1484 4518 morigerum
1506 4435 1582 4511 sore,

124 4545 214 4605 etin
238 4541 301 4604 fide
324 4551 421 4623 atque
444 4542 624 4605 constantia
645 4538 798 4601 adversus
820 4549 853 4601 te
875 4548 907 4598 et
930 4548 1004 4600 tuos
1027 4536 1102 4599 nulli
1131 4539 1313 4600 mortalium
1344 4558 1580 4602 concessurum.

123 4647 258 4710 Vienna
283 4646 329 4710 13.
353 4644 466 4707 Martii.

216 4832 278 4886 List
295 4840 373 4886 tento
392 4831 480 4902 prijali
501 4831 573 4899 jarne
599 4832 634 4884 do
659 4830 751 4884 listlle
770 4831 967 4884 Bohuslavova
984 4847 1018 4883 za
1036 4830 1160 4898 plldinou
1180 4829 1247 4898 jeho
1266 4829 1425 4883 souvislosti
1447 4849 1460 4883 s
1479 4832 1582 4884 ostatnl

125 4921 223 4974 latkou
241 4919 490 4988 korrespondence.
508 4919 620 4984 Pisatel,
639 4919 727 4988 rodily
746 4920 804 4982 Ital,
823 4917 915 4987 pobyv
934 4934 970 4970 na
989 4917 1140 4970 universite
1159 4918 1297 4981 Paillslre,
1319 4917 1401 4987 ptisel
1419 4935 1440 4972 r.
1460 4918 1529 4971 1493
1547 4920 1583 4972 do

125 5008 229 5070 Vldne,
247 5005 316 5060 lrdel
334 5022 371 5059 na
389 5005 539 5059 universite
565 5005 597 5059 ai
622 5006 657 5058 do
676 5023 696 5058 r.
717 5004 785 5057 1493
802 5003 920 5073 pusobil.
945 5004 1036 5072 (llinlr.
1056 5005 1158 5058 Gescb.
1178 5005 1203 5057 d.
1224 5005 1351 5058 Univers.
1370 5004 1455 5058 Wien
1474 5006 1494 5068 I,
1514 5005 1584 5070 196).

126 5095 172 5149 Na
190 5093 265 5147 zimu
283 5093 393 5162 posleze
413 5092 576 5146 uvedeneho
600 5091 668 5145 rolru
686 5090 795 5159 vraceje
821 5108 850 5143 se
875 5091 911 5143 do
931 5091 1011 5144 vlasti
1036 5091 1173 5159 plepaden
1200 5091 1246 5160 byl
1265 5111 1281 5142 v
1303 5092 1416 5145 Uhrach
1440 5092 1582 5161 loupelne,

216 5286 244 5353 ¹⁴¹)
262 5271 305 5338 Cti
325 5283 530 5338 cancellarium.
