3660 5850
822 382 905 442 1512

406 591 546 657 Barbara
569 613 648 677 gens
670 597 777 669 simus,
800 594 878 657 dum
902 594 1023 658 nullum
1046 595 1172 658 inclinet
1188 593 1325 659 Amillus

450 695 512 760 Hic
535 718 646 773 novus,
671 697 757 760 Idaei
783 698 1022 779 discipulusque
1046 699 1136 761 Iovis.

402 798 513 864 Turba
535 802 622 864 rudis
644 804 744 866 simus
767 805 1031 886 gemmarumque
1053 804 1152 864 inscia
1174 802 1290 886 legum,

450 904 539 968 Dum
562 907 656 968 simul
677 919 710 969 et
733 909 832 969 simus
853 909 962 969 nescia
985 906 1079 968 turba
1101 906 1176 968 doli.

131 1038 197 1104 Sed
220 1042 323 1105 dices:
347 1062 504 1123 quorsum
526 1045 624 1107 haec?
659 1045 786 1125 Nempe
811 1059 847 1107 ut
870 1044 1034 1127 intelligas,
1057 1045 1147 1125 quod
1170 1048 1196 1107 is
1219 1046 1328 1120 homo,
1351 1051 1497 1126 quamvis
1518 1065 1585 1107 non

130 1144 253 1228 vulgari
275 1147 453 1209 eruditione
475 1147 639 1226 praeditus
668 1149 770 1224 fuerit,
794 1160 902 1211 tamen
933 1160 1064 1229 propter
1092 1168 1220 1211 morum
1243 1168 1376 1212 suorum
1399 1149 1586 1213 foeditatem

131 1268 248 1328 parum
271 1250 413 1329 profecit,
435 1264 468 1315 et
491 1251 575 1314 male
604 1264 713 1335 gratus
743 1262 775 1313 et
806 1263 957 1333 acceptus
983 1252 1070 1333 apud
1093 1265 1222 1315 nostros
1245 1252 1310 1315 fuit.
1344 1253 1482 1315 Etcum
1505 1253 1585 1316 haec

130 1355 205 1415 vitia
226 1357 327 1417 nostri
349 1357 380 1416 in
403 1357 544 1418 externis
567 1368 599 1418 et
615 1358 787 1441 peregrinis
809 1356 994 1420 hominibus
1017 1376 1143 1419 summe
1166 1357 1371 1431 detestentur,
1391 1357 1469 1438 quid
1492 1369 1586 1436 putas

130 1456 273 1520 futurum
295 1457 337 1521 de
359 1459 554 1535 domesticis,
576 1463 601 1522 si
624 1480 722 1541 quem
752 1463 790 1523 iis
819 1462 1095 1524 obscoenitatibus
1125 1464 1380 1524 contaminatum
1413 1481 1586 1545 cognosce·

130 1562 221 1625 rent?
254 1559 381 1641 Quibus
403 1583 478 1626 cum
499 1564 584 1640 diris,
607 1566 725 1645 quibus
747 1566 1005 1627 execrationibus
1032 1584 1098 1627 non
1120 1565 1316 1628 devoverent
1338 1578 1370 1627 et
1393 1578 1428 1628 ut
1451 1564 1587 1627 cadaver

129 1664 375 1730 foetidissimum
396 1669 555 1731 eicerent?
584 1666 668 1731 Cura
698 1688 784 1751 ergo,
808 1680 840 1731 et
867 1669 998 1748 quidem
1029 1668 1202 1751 diligenter,
1226 1679 1260 1730 ut
1283 1681 1315 1732 te
1337 1669 1380 1730 ab
1403 1669 1587 1731 huiusmodi

130 1769 329 1832 detestandis
350 1773 431 1835 vitiis
453 1771 618 1835 custodias
649 1791 830 1854 purumque
853 1785 884 1835 et
908 1774 1076 1834 innoxium
1106 1792 1219 1836 serves.
1260 1772 1351 1834 Haec
1373 1772 1479 1847 habui,
1503 1793 1586 1854 quae

129 1873 173 1935 ad
196 1888 227 1937 te
250 1894 344 1951 nunc,
363 1888 496 1960 urgente
518 1887 609 1958 patre
632 1888 699 1951 tuo,
714 1880 893 1940 scriberem.
917 1877 1029 1941 Scribo
1053 1878 1150 1940 etiam
1174 1877 1211 1940 D.
1228 1875 1361 1940 Camillo
1384 1879 1586 1958 praeceptori

129 1991 188 2041 tuo
211 1980 491 2043 commendatitias
520 1981 634 2057 literas,
657 2000 739 2061 quas
769 1982 810 2044 illi
841 1982 957 2045 reddes
986 1995 1018 2044 et
1048 1983 1179 2043 nomine
1209 1981 1296 2043 illum
1324 2001 1398 2044 meo
1421 1982 1584 2045 salutabis.

129 2083 235 2146 Datae
266 2083 437 2147 Kostelecz
470 2086 512 2147 ad
542 2085 651 2149 Albim
687 2085 817 2149 fluvium
851 2086 952 2165 pridie
981 2086 1053 2149 Kal.
1087 2085 1279 2148 Novembris
1313 2106 1399 2148 anno
1434 2089 1586 2149 incarnati

132 2187 232 2250 Verbi
257 2188 349 2252 1511.

219 2377 318 2430 Srovn.
343 2377 443 2447 clinky
469 2380 529 2433 me:
551 2379 657 2433 Viclav
682 2379 800 2448 Ptseckt
824 2395 842 2430 v
861 2367 923 2432 Cas.
946 2379 1016 2432 Mus.
1040 2377 1108 2431 1876
1132 2386 1178 2431 str.
1204 2377 1246 2442 83,
1271 2386 1366 2447 potom
1391 2378 1587 2447 sigismundus

132 2463 268 2517 Gelenius
285 2463 376 2517 tamis
397 2463 465 2517 1886
483 2472 530 2519 str.
548 2466 591 2519 ⁶27.
619 2467 643 2518 Ο
662 2465 822 2520 zdvainosti
841 2467 956 2520 naideni
975 2465 1099 2519 Balbova
1117 2466 1161 2519 viz
1179 2467 1336 2533 pozndmlru
1355 2465 1371 2518 k
1390 2466 1455 2520 listu
1472 2465 1515 2519 86.

830 2764 900 2829 198.

521 2903 601 2997 Jan
630 2880 801 2977 blechta
823 2902 977 2996 Janovi
1004 2927 1027 2975 z
1056 2901 1197 2998 Pibry.

218 3089 240 3147 2
260 3089 344 3163 Pruhy
363 3091 418 3148 1512
437 3120 468 3131 -
489 3092 524 3147 14.
543 3090 597 3149 list.
629 3091 721 3144 Poslli
747 3091 918 3161 epitaphium
940 3091 1099 3144 Bohuslava
1120 3107 1136 3143 z
1159 3089 1311 3153 Loblrovic,
1333 3089 1378 3157 jsi
1401 3089 1462 3142 sim
1486 3089 1587 3157 sepsal.

132 3177 220 3245 (Farr.
237 3175 308 3245 312.)

216 3355 356 3436 Joannes
378 3353 523 3419 Sslechta
542 3356 658 3438 Joanni
678 3356 818 3432 Pibraeo,
843 3357 965 3419 scribae
980 3355 1084 3418 iudicii
1107 3374 1253 3418 camerae
1275 3357 1387 3437 regiae,
1403 3375 1426 3415 s.
1444 3354 1473 3417 d.
1498 3354 1585 3430 Heri,

131 3461 159 3521 si
182 3477 249 3522 non
273 3459 371 3533 fallor,
394 3459 462 3522 duo
485 3463 589 3522 exacti
614 3472 688 3523 sunt
711 3463 794 3536 anni,
828 3480 871 3522 ex
894 3480 960 3540 quo
983 3459 1163 3522 Bohuslaus
1193 3470 1301 3521 noster
1324 3459 1365 3520 de
1388 3459 1448 3521 hac
1471 3462 1587 3522 misera

131 3563 318 3626 mortalium
339 3566 403 3627 vita
426 3563 468 3625 ad
494 3563 580 3625 illam
611 3563 783 3627 coelestem
813 3566 1047 3647 commigravit:
1078 3565 1167 3625 cuius
1197 3581 1271 3625 cum
1301 3562 1375 3623 mihi
1406 3563 1586 3624 recordatio

132 3668 290 3743 subiisset,
313 3667 447 3751 dignum
462 3670 564 3731 visum
587 3679 644 3743 est,
667 3681 702 3731 ut
718 3671 785 3731 eius
808 3668 1001 3731 laudabilem
1017 3668 1206 3729 memoriam
1221 3665 1409 3747 sepulchrali
1424 3666 1587 3747 epitaphio

132 3772 335 3834 honorarem.
362 3770 517 3852 Quamvis
539 3771 602 3834 hoc
625 3775 653 3834 ei
676 3774 756 3835 alios
778 3772 969 3834 felicioribus
991 3773 1122 3853 ingeniis
1145 3773 1229 3834 viros
1252 3773 1337 3852 prius
1360 3790 1419 3832 ceu
1442 3769 1586 3832 debitum

132 3893 252 3937 munus
275 3876 466 3956 persolvisse
488 3895 554 3937 non
577 3874 732 3950 dubitem,
756 3876 841 3938 volui
863 3888 972 3938 tamen
995 3887 1026 3937 et
1049 3894 1120 3958 ego,
1144 3877 1288 3957 quamvis
1312 3877 1425 3936 nistica
1440 3893 1477 3935 ac
1493 3873 1588 3952 plane

132 3982 249 4060 agresti
273 3978 375 4053 Musa,
405 3980 497 4040 amici
520 3978 595 4041 mihi
618 3979 791 4059 aliquando
814 3979 988 4042 charissimi
1015 3982 1152 4041 nominis
1174 3981 1307 4061 gloriam
1331 3981 1444 4040 merito
1465 3978 1588 4040 honore

132 4082 229 4146 veluti
251 4083 397 4163 quodam
419 4082 577 4145 corolario
600 4083 770 4166 adaugere,
793 4105 867 4147 cum
891 4085 952 4146 hoc
975 4103 1092 4146 munus
1114 4084 1164 4146 ille
1187 4082 1301 4158 multis,
1324 4083 1402 4145 dum
1425 4083 1510 4156 vixit,
1534 4081 1588 4143 de·

134 4186 249 4249 functis
272 4187 466 4250 carminibus
489 4189 692 4250 nobilissimis
715 4207 812 4267 saepe
837 4189 1032 4266 praestiterit.
1060 4186 1125 4249 Eos
1148 4186 1317 4250 versiculos
1340 4186 1414 4249 ideo
1437 4186 1479 4248 ad
1502 4197 1534 4249 te
1557 4189 1588 4246 in

134 4293 244 4370 primis
267 4291 442 4353 mittendos
468 4293 579 4366 curavi,
611 4294 685 4373 quia
716 4292 755 4353 illi
787 4303 819 4353 et
848 4294 1057 4354 amicissimus
1088 4302 1119 4351 et
1143 4291 1345 4353 charissimus
1368 4292 1459 4365 fuisti,
1491 4301 1589 4371 utque

134 4399 215 4457 sicut
237 4393 320 4456 iliius
343 4393 483 4459 defuncti
506 4397 650 4457 intimam
674 4396 750 4457 mihi
773 4399 969 4469 memoriam,
993 4398 1034 4458 ita
1058 4398 1102 4459 tui
1127 4396 1253 4458 feliciter
1276 4398 1407 4458 viventis
1427 4396 1589 4456 inhaerere

134 4517 202 4560 non
225 4498 399 4561 dubitares.
430 4499 521 4562 Vale.
553 4499 672 4582 Pragae
695 4503 728 4561 in
750 4499 884 4563 aedibus
906 4500 1098 4563 Rosensium
1127 4519 1295 4579 procerum
1326 4500 1374 4563 14.
1399 4499 1590 4561 Novembris

135 4619 222 4665 anno
245 4600 361 4665 Christi
386 4603 478 4668 1512.

419 4742 547 4823 Aspice,
570 4746 716 4825 quisquis
737 4744 824 4818 ades,
848 4762 946 4823 quam
969 4763 1068 4824 parvo
1091 4745 1198 4806 clausa
1221 4744 1390 4824 sepulchro

462 4846 546 4910 Ossa
569 4848 730 4924 Bohuslai,
753 4848 853 4911 lector
876 4850 985 4913 amice.
1010 4850 1122 4923 iacent,

419 4950 529 5014 Gloria
552 4954 605 5033 qui
629 4952 730 5014 fuerat
754 4952 904 5013 Boiemae
927 4954 1068 5013 maxima
1091 4955 1201 5035 gentis.

465 5056 553 5118 Dum
576 5058 661 5130 vixit,
684 5059 804 5137 patriae
828 5057 999 5118 nobilitatis
1023 5057 1136 5118 honos.

420 5160 504 5223 Nam
528 5161 680 5242 quicquid
703 5160 790 5223 Graii
813 5160 952 5223 docuere
975 5161 1098 5239 ipsique
1122 5160 1232 5235 Latini,

465 5264 583 5329 Omnia
606 5265 712 5328 subtili
735 5264 840 5327 calluit
863 5267 999 5348 ingenio

189 5399 289 5441 Sblrha
307 5400 447 5451 premend.
466 5401 561 5451 Skopias
575 5400 649 5441 druht.
669 5392 728 5441 Ctslo
743 5399 761 5441 1.
