3660 5850
821 392 913 452 1505.

837 642 907 708 108.

437 779 657 856 Bohuslav
684 780 924 877 Augustino
954 780 1301 857 Olomouckemu.

228 950 248 1005 Ζ
269 949 423 1008 llaslt'tlolntt
442 951 506 1008 15115
525 982 556 991 -
576 952 613 1008 31.
627 952 716 1009 lodntt.
735 952 853 1022 Vytyer,
873 951 905 1006 le
925 969 971 1005 mu
990 953 1036 1006 talc
1055 953 1158 1007 dlouho
1181 955 1286 1022 nepise,
1304 972 1321 1007 a
1338 955 1384 1008 ani
1410 957 1593 1010 oPlutarcha

138 1038 262 1103 teckeho
286 1039 331 1092 ani
352 1057 368 1092 o
387 1039 533 1108 vyplacenl
557 1039 691 1093 zadriene
716 1040 798 1109 mzdy
821 1039 886 1108 jeho
906 1057 935 1093 se
955 1041 1074 1104 nestara,
1094 1039 1144 1094 eoi
1163 1041 1215 1094 obe
1241 1041 1351 1111 opatl‘iti
1374 1042 1421 1112 byl
1446 1060 1492 1096 mu
1512 1044 1592 1097 slibil.

138 1125 219 1191 (Luc.
238 1123 311 1193 libb.)

226 1303 368 1366 Domino
390 1302 575 1387 Augustino
599 1303 734 1367 Moravo
757 1306 973 1381 Olomucensi‚
996 1309 1084 1390 regio
1107 1308 1286 1382 secretario,
1310 1326 1333 1367 s.
1356 1327 1386 1386 p.
1410 1307 1441 1369 d.
1464 1305 1594 1383 Nescio,

137 1428 166 1489 q·
184 1409 215 1469 id
238 1409 280 1471 de
303 1422 334 1472 te
356 1409 470 1486 dicam,
492 1409 682 1493 Augustine,
704 1421 760 1472 aut
783 1430 849 1492 quo
872 1413 1003 1473 nomine
1033 1410 1200 1491 appellem,
1226 1429 1382 1473 canemne
1413 1422 1538 1475 mutum
1561 1424 1593 1475 et

137 1516 254 1577 latrare
277 1516 473 1578 nescientem
500 1534 548 1590 an,
572 1527 608 1577 ut
629 1517 661 1577 ni
684 1514 881 1579 Graecorum
911 1517 1080 1594 proverbio
1104 1527 1160 1589 est,
1184 1534 1295 1576 ranam
1325 1512 1513 1594 Seriphiam,
1536 1519 1591 1596 qui

136 1630 263 1699 praeter
285 1619 554 1681 consuetudinem
569 1631 659 1682 tuam
675 1631 765 1682 tanto
781 1630 928 1700 tempore
952 1620 1054 1682 nullas
1070 1640 1201 1699 prorsus
1223 1619 1265 1681 ad
1282 1639 1333 1681 me
1348 1619 1453 1683 literas
1468 1620 1590 1683 dedisti.

136 1722 275 1786 Moleste
297 1724 329 1785 id
354 1723 420 1786 iero
443 1736 476 1787 et
497 1723 679 1786 huiusmodi
712 1726 898 1787 remissioris
925 1745 999 1806 erga
1023 1744 1075 1786 me
1099 1726 1194 1786 animi
1224 1723 1346 1786 indiciis
1368 1744 1432 1786 non
1457 1744 1589 1803 possum

136 1846 202 1890 non
225 1828 430 1890 vehementer
452 1831 532 1910 angi.
555 1826 690 1890 Accedit
714 1829 770 1902 his,
793 1827 881 1908 quod
905 1848 957 1890 me
978 1831 1009 1890 in
1025 1831 1283 1908 expectationem
1307 1828 1464 1891 Plutarchi
1487 1832 1589 1911 graeci

136 1935 280 1994 erexisti:
297 1932 354 1995 sed
370 1935 401 1995 in
417 1935 605 2013 praesentia,
621 1937 711 2013 quasi
728 1954 777 1995 res
792 1943 934 1995 mutatae
949 1936 1010 1995 sint
1026 1944 1080 1994 aut
1097 1945 1127 1994 te
1143 1934 1262 1996 consilii
1288 1935 1459 2014 poeniteat,
1482 1935 1590 1995 omnia

135 2040 243 2098 nescio
266 2037 435 2117 quomodo
462 2036 651 2100 dissimulas.
684 2038 798 2118 Neque
821 2038 899 2098 haec
923 2038 1035 2113 scribo,
1066 2038 1155 2119 quod
1186 2039 1330 2120 ignorem
1361 2040 1589 2118 occupationes

136 2153 215 2217 tuas,
239 2142 296 2204 sed
321 2144 416 2204 miror
438 2161 503 2204 non
526 2142 594 2204 dari
616 2143 672 2204 tibi
696 2152 821 2203 tantum
845 2143 907 2216 otii,
931 2154 965 2205 ut
981 2142 1094 2205 saltem
1118 2144 1175 2205 tria
1198 2144 1295 2204 rerba
1311 2141 1352 2203 ad
1375 2162 1429 2204 me
1451 2144 1589 2204 scribere

136 2249 247 2325 possis
272 2245 358 2308 Nam
382 2245 471 2328 quod
494 2246 536 2308 ad
553 2245 737 2308 tabellarios
760 2248 881 2320 attinet,
904 2257 953 2309 tot
976 2246 1119 2326 quotidie
1141 2249 1220 2308 inter
1241 2245 1375 2329 Pragam
1398 2245 1590 2327 Budamque

136 2362 328 2426 commeant,
351 2362 386 2414 ut
403 2352 533 2412 minime
555 2351 668 2413 deesse
691 2354 823 2430 possint,
848 2351 901 2430 qui
925 2351 1031 2412 literas
1054 2362 1126 2412 tuas
1147 2350 1189 2412 ad
1213 2370 1265 2411 me
1288 2350 1469 2430 perferrent.
1493 2350 1589 2431 Quid,

135 2455 223 2536 quod
250 2456 419 2534 sperabam
447 2475 500 2517 me
531 2467 585 2517 tua
608 2475 671 2536 ope
702 2466 799 2536 atque
829 2454 982 2517 industria
1012 2457 1126 2534 stipem
1157 2474 1263 2516 meam
1294 2456 1589 2536 consequuturum?

135 2557 197 2621 Sed
222 2560 301 2621 dum
326 2571 360 2621 tu
383 2560 496 2640 partim
520 2580 587 2621 rem
611 2560 751 2642 negligis,
774 2562 889 2639 partim
912 2559 1042 2622 forsitan
1071 2560 1242 2621 crabrones
1265 2562 1383 2621 irritare
1407 2562 1530 2632 metuis,
1554 2560 1585 2622 id

134 2681 266 2743 quoque
296 2667 328 2726 in
359 2676 490 2726 ventum
520 2665 604 2738 abiit,
635 2684 718 2744 quae
750 2683 847 2744 quam
877 2666 959 2725 inste
988 2665 1048 2725 abs
1078 2675 1109 2724 te
1140 2663 1228 2742 fiant,
1260 2666 1327 2742 ipse
1356 2663 1477 2726 videris.
1512 2662 1585 2726 Seio

130 2768 263 2849 quidem
288 2788 338 2831 res
362 2769 518 2830 humanas
541 2768 702 2831 instabiles
725 2768 927 2849 lubricasque
950 2787 1021 2830 esse
1044 2787 1149 2848 neque
1175 2769 1348 2847 quiequam
1376 2768 1456 2829 firmi
1479 2767 1586 2830 solidi-

127 2892 193 2954 que
217 2875 397 2935 continere:
413 2885 445 2936 te
461 2884 578 2946 tamen,
595 2873 650 2953 qui
671 2894 690 2935 a
707 2875 841 2952 pueritia
864 2873 960 2934 literis
983 2874 1151 2935 incubuisti
1169 2884 1199 2934 et
1220 2871 1395 2935 multorum
1417 2871 1583 2934 hominum

125 2996 239 3040 mores
261 2990 293 3040 et
317 2976 413 3040 urbes
435 2977 547 3051 vidisti,
570 2980 821 3040 constantiorem
847 2979 1088 3059 gravioremque
1118 2978 1302 3051 arbitrabar,
1329 2995 1427 3057 quam
1450 2989 1484 3040 ut
1508 2981 1584 3039 ami-

118 3085 237 3146 citiam
261 3092 404 3144 nostram
426 3103 445 3143 a
468 3100 520 3142 me
543 3101 623 3161 pure
646 3085 832 3163 integreque
855 3080 972 3144 cultam
996 3080 1197 3144 discinderes.
1232 3080 1322 3143 Haec
1345 3081 1386 3144 ad
1410 3092 1441 3143 te
1465 3101 1582 3164 magno

116 3204 201 3249 cum
223 3186 394 3248 stomacho
417 3187 530 3261 scribo,
554 3206 659 3266 neque
682 3187 816 3248 fortasse
840 3187 959 3250 iniuria.
982 3185 1107 3268 Dignus
1130 3189 1215 3248 enim
1230 3205 1265 3247 es
1280 3187 1504 3265 intempestivo
1521 3188 1582 3249 hoc

112 3298 180 3354 tuo
208 3292 336 3353 silentio
359 3291 408 3352 vel
431 3292 574 3354 convitiis
598 3291 638 3352 ad
660 3290 802 3353 officium
824 3292 942 3353 reduci.
967 3290 1065 3371 Quod
1088 3294 1114 3355 si
1138 3292 1193 3354 tibi
1217 3294 1350 3353 omnino
1359 3287 1387 3373 *)
1411 3311 1476 3353 non
1499 3294 1582 3353 exci-

109 3396 243 3468 dimus,
267 3407 298 3457 et
322 3398 346 3457 si
371 3397 614 3458 benevolentiae
637 3415 711 3478 erga
735 3415 787 3457 me
817 3399 983 3476 quippiam
1010 3397 1116 3459 adhuc
1139 3399 1171 3458 in
1194 3408 1225 3457 te
1248 3405 1305 3470 est,
1328 3415 1447 3474 precor,
1471 3407 1505 3458 ut
1528 3415 1581 3457 me

106 3495 181 3562 hac
212 3519 290 3561 cura
320 3499 585 3579 solicitudineque
614 3500 737 3563 liberes.
768 3500 803 3562 ld
834 3512 942 3563 autem
973 3500 1105 3562 tandem
1135 3501 1267 3563 demum
1299 3501 1400 3575 iacies,
1431 3519 1505 3562 cum
1528 3520 1581 3562 me

101 3607 296 3692 certiorem
318 3603 500 3680 reddideris,
525 3604 603 3684 quid
619 3606 695 3667 mihi
710 3604 751 3666 de
767 3607 917 3667 omnibus
940 3606 996 3680 his,
1021 3626 1105 3687 quae
1128 3607 1184 3666 tibi
1204 3608 1299 3668 toties
1315 3626 1334 3666 a
1349 3624 1401 3665 me
1425 3606 1580 3668 inculcata

99 3719 206 3783 sunt,
232 3707 429 3786 sperandum
450 3711 497 3771 sit.
520 3708 611 3770 Vale.
635 3709 687 3771 Ex
704 3709 925 3791 Hassensteyn
949 3709 1059 3772 ultima
1078 3709 1216 3792 Januarii
1239 3728 1325 3772 anno
1348 3708 1462 3772 Christi
1488 3710 1579 3774 1505.

210 3894 275 3948 List
293 3901 371 3948 tento
389 3895 558 3949 adressovan
578 3895 633 3964 jest
651 3896 835 3965 Augustinovi
858 3896 922 3965 jako
945 3897 1138 3951 kralovskemu
1163 3896 1308 3960 sekretali3
1332 3896 1454 3950 hodnost
1472 3905 1508 3960 ta,
1531 3897 1577 3965 jalr

94 3997 141 4037 se
163 3983 234 4045 zda‚
253 3986 407 4051 plenesena
424 3985 480 4036 nah
498 4001 529 4036 se
548 3969 671 4052 &lechtp
690 3984 780 4037 scholi
799 3983 894 4052 zajiste
911 3984 948 4053 jii
961 3984 1038 4038 dlive
1056 4001 1073 4036 v
1086 3983 1226 4036 kancelali
1245 3983 1388 4037 kralovslre
1407 3983 1453 4054 byl
1471 3984 1576 4038 sloulil.

94 4066 128 4122 S
150 4069 295 4124 hodnosti
314 4076 361 4122 tou
380 4068 472 4137 plejal,
488 4069 535 4137 jak
553 4069 666 4134 vidlme,
684 4071 847 4139 opati‘ovenl
866 4071 948 4124 tuieb
971 4071 1213 4141 bohuslavovs'rch.

818 4351 888 4417 109.

539 4488 759 4563 Bohuslav
781 4490 935 4584 Janovi
961 4516 985 4565 z
1013 4492 1154 4590 Pibry.

205 4656 227 4712 Ζ
248 4655 402 4715 ΗιθίἒΙοίιιι
421 4657 486 4715 15⁰5
499 4689 531 4697 -
552 4660 587 4714 14.
607 4661 698 4716 tinore.
726 4644 809 4724 lade,
828 4661 883 4732 aby
907 4680 953 4716 mu
977 4663 1075 4731 opatiil
1100 4664 1224 4732 piistroje
1244 4665 1261 4717 k
1280 4665 1460 4734 vymelovani
1484 4663 1573 4732 pudy3

111 4753 213 4812 potorn
240 4743 295 4813 aby
314 4762 360 4798 mu
385 4745 473 4799 nazev
491 4746 540 4798 sve
559 4746 656 4800 orednl
683 4747 813 4802 hodnosti
835 4749 906 4803 bllie
925 4751 1041 4804 oznadil.
1072 4751 1115 4803 Na
1134 4751 1214 4804 lronci
1234 4751 1367 4820 plipojuje
1389 4752 1571 4805 tetrastichon

116 4829 269 4897 naraiejlci
288 4847 324 4883 na
341 4831 455 4884 mravne
472 4831 550 4900 jakes
568 4834 711 4903 polepseni
729 4837 917 4890 adressatovo.
935 4838 1015 4905 (Luc.
1033 4837 1106 4905 991.)

202 5006 320 5089 Joanni
341 5007 382 5070 de
405 5008 507 5085 Fibra,
532 5011 654 5073 officiali
679 5013 764 5093 apud
788 5014 914 5075 tabulas
937 5013 1043 5096 regni,¹
1057 5035 1080 5076 s.
1097 5035 1126 5094 p.
1150 5015 1180 5076 d.
1204 5016 1353 5077 Precatus
1375 5036 1447 5077 sum
1469 5034 1571 5095 nuper

121 5124 190 5175 ate
214 5111 376 5191 quaedam
402 5113 444 5175 ad
468 5134 635 5178 mensuras
665 5135 814 5197 agrorum
845 5119 1071 5200 sylvarumque
1102 5121 1298 5198 pertinentia,
1329 5120 1386 5181 sed
1417 5122 1569 5199 quoniam

203 5319 231 5383 *)
251 5317 326 5370 Snad
344 5315 448 5370 animo.

167 5438 268 5482 Sblrka
287 5436 423 5490 prumano.
443 5439 538 5492 stupim
552 5441 626 5484 droht.
645 5433 704 5484 erno
718 5441 738 5484 l.
