3660 5850
872 381 953 443 leot
1590 381 1641 436 129

185 596 321 679 quidem
345 598 419 659 mibi
443 608 499 671 est,
522 597 626 658 multo
650 608 757 659 tamen
780 600 899 679 gratius
922 597 1063 660 studium
1086 609 1176 659 tuum
1200 609 1298 678 atque
1320 616 1428 677 opera,
1451 616 1548 677 quam
1564 597 1641 658 mihi

184 704 353 781 polliceris,
376 713 408 762 et
431 700 654 764 benevolentia
678 704 756 763 tanti
780 703 835 762 viri
858 721 932 783 erga
952 721 1004 762 me
1021 721 1086 763 non
1103 722 1236 781 possum
1251 720 1316 762 non
1333 701 1491 764 delectari.
1515 699 1640 763 Amasti

183 826 246 882 me,
269 805 428 879 Conrade,
444 816 619 886 antequam
638 824 798 880 nosceres,
821 804 954 867 demum
971 805 1117 868 Viennae
1133 807 1220 867 omni
1237 806 1433 867 humanitate
1449 806 1640 884 complexus

183 931 230 986 es,
254 930 359 991 neque
390 929 494 971 exeo
517 922 663 990 tempore
691 910 913 971 honestissime
936 909 977 971 de
1000 930 1053 971 me
1075 910 1165 990 loqui
1187 909 1341 972 destitisti.
1382 909 1474 971 Haec
1497 929 1559 991 ego
1582 911 1640 971 nisi

178 1016 319 1097 ¹maximi
350 1013 494 1087 lacerem,
524 1012 657 1074 delirare
685 1014 829 1093 prolecto
856 1012 992 1074 viderer:
1021 1033 1086 1074 non
1117 1013 1262 1076 desinam
1296 1026 1405 1077 tamen
1435 1014 1510 1075 eniti
1542 1024 1640 1092 atque

184 1121 334 1200 cogitare,
364 1131 399 1180 ut
430 1120 485 1179 tibi
516 1137 582 1179 non
612 1117 717 1179 solum
749 1120 779 1179 in
807 1137 918 1179 amore
947 1117 1169 1197 respondeam,
1198 1120 1406 1179 verumetiam
1429 1128 1495 1178 tam
1518 1119 1640 1196 privato

185 1242 287 1302 quam
310 1223 439 1302 publico
470 1223 615 1283 omnium
646 1222 841 1283 literatorum
872 1224 1002 1283 nomine
1034 1218 1072 1304 (si
1095 1221 1161 1282 fieri
1184 1219 1312 1305 poterit)
1338 1224 1473 1304 gratiam
1497 1222 1640 1294 releram,

185 1346 304 1408 nempe
335 1328 388 1407 qui
418 1328 539 1406 primus
566 1327 756 1387 nostratium
787 1327 1003 1386 mansuetiora
1032 1325 1112 1386 haec
1147 1325 1252 1388 studia
1282 1324 1473 1388 Germaniae
1503 1325 1640 1398 intulisti,

185 1433 364 1511 triplicique
387 1430 493 1492 laurea
516 1431 654 1512 insignis,
678 1430 740 1491 hoc
764 1439 811 1492 est
836 1429 986 1491 Hebraea
1009 1428 1133 1492 Graeca
1156 1429 1334 1510 Latinaque
1357 1430 1472 1511 lingua,
1496 1428 1537 1490 de
1553 1431 1640 1490 omni

185 1536 333 1596 barbaria
355 1535 565 1615 triumphasti.
604 1533 702 1595 Adde
725 1544 773 1597 tot
796 1534 959 1612 praeclara
982 1535 1098 1617 ingenii
1121 1537 1166 1597 tui
1189 1545 1407 1609 monumenta,
1430 1545 1479 1597 tot
1501 1534 1641 1614 denique

186 1642 464 1721 peregrinationes,
481 1641 542 1718 qui,
560 1638 638 1700 dum
661 1658 728 1699 rem
751 1638 920 1699 literariam
942 1641 1050 1700 iuvare
1073 1638 1172 1718 cupis,
1193 1658 1323 1700 omnem
1346 1658 1428 1719 pene
1444 1636 1641 1717 Septentrio-

186 1763 262 1804 nem
284 1747 467 1826 peragrasti,
499 1753 530 1805 et
553 1746 718 1804 innumera
744 1743 913 1816 volumina,
944 1761 1027 1822 quae
1057 1746 1120 1804 iam
1143 1764 1161 1804 a
1185 1746 1276 1805 tineis
1306 1742 1567 1816 corrodebantur,
1598 1760 1640 1802 ex

188 1847 416 1926 pulverulentis
428 1848 485 1908 illis
498 1848 698 1909 bibliothecis
710 1858 799 1908 eruta
812 1848 843 1906 in
859 1846 962 1908 lucem
979 1846 1142 1927 protulisti.
1158 1846 1223 1911 Sed
1239 1848 1318 1908 haec
1334 1847 1463 1909 forsitan
1479 1844 1640 1925 superflua

188 1963 261 2013 sunt
285 1965 317 2014 et
340 1953 397 2013 tibi
414 1972 473 2031 pro
489 1963 543 2013 tua
560 1950 718 2013 modestia
734 1970 847 2030 parum
864 1963 1002 2031 accepta.
1019 1948 1136 2013 Scribis
1152 1962 1182 2013 te
1200 1949 1389 2030 propediem
1405 1969 1477 2012 cum
1494 1949 1639 2030 quodam

189 2057 415 2118 mathematico
450 2055 491 2117 ad
526 2075 578 2116 me
612 2067 795 2129 venturum,
830 2055 958 2137 gaudeo
992 2055 1208 2137 gaudeboque
1242 2058 1350 2137 magis
1386 2055 1440 2116 ubi
1474 2075 1521 2130 ea,
1555 2074 1639 2135 quae

189 2161 340 2241 spondes,
363 2163 563 2239 praestiteris,
594 2172 625 2221 et
649 2179 701 2221 me
732 2171 822 2221 tanto
853 2161 979 2239 hospite
1009 2159 1206 2221 fortunatum
1229 2159 1388 2222 iudicabo.
1425 2157 1550 2238 Quodsi
1573 2179 1639 2241 spe,

189 2268 219 2326 in
243 2283 340 2344 quam
365 2266 423 2326 abs
446 2276 477 2326 te
500 2267 663 2326 coniectus
686 2284 766 2337 sum,
790 2283 841 2324 me
864 2264 1066 2337 frustraveris,
1090 2264 1195 2326 dicam
1211 2266 1268 2326 tibi
1284 2264 1489 2344 proverbium
1506 2263 1581 2326 illud
1598 2266 1640 2326 ab

189 2367 360 2431 Aristotele
383 2381 579 2447 usurpatum,
603 2367 692 2448 quod
715 2369 812 2450 vulgo
835 2368 955 2430 ordinis
978 2371 1077 2430 nostri
1099 2369 1282 2430 hominibus
1305 2369 1398 2431 obiici
1422 2369 1518 2431 solet:
1542 2369 1641 2430 multa

191 2476 385 2535 mentiuntur
407 2482 532 2552 poetae.
556 2474 655 2552 Quod
678 2474 719 2535 ad
737 2472 926 2535 Bilibaldum
943 2473 1150 2550 Pirkhaymer
1165 2475 1285 2546 attinet,
1308 2475 1387 2535 scito
1404 2493 1456 2535 me
1472 2493 1545 2535 eum
1562 2492 1641 2543 esse,

190 2580 243 2657 qui
267 2578 419 2638 omnibus
443 2579 536 2639 bonis
559 2597 601 2638 ex
624 2580 732 2639 animo
755 2578 884 2651 allicior,
907 2589 939 2639 et
958 2580 1101 2658 quisquis
1116 2577 1256 2658 aliquam
1271 2576 1411 2638 indolem
1427 2579 1548 2639 virtutis
1564 2597 1641 2655 prae

190 2701 224 2743 se
247 2682 315 2754 lert,
345 2683 430 2743 hunc
456 2701 518 2763 ego
541 2700 606 2742 non
629 2683 734 2744 solum
758 2680 906 2756 admiror,
937 2681 1114 2743 sedetiam
1137 2683 1282 2743 observo
1321 2681 1433 2761 ltaque
1456 2701 1641 2761 quanquam

191 2786 265 2847 milri
297 2785 471 2847 Bilibaldus
500 2798 615 2865 suapte
648 2788 825 2867 integritate
859 2787 935 2847 satis
968 2784 1214 2847 commendatus
1244 2798 1300 2859 est,
1335 2785 1641 2849 commendatiorem

190 2903 299 2952 tamen
328 2891 435 2951 literae
465 2903 539 2952 tuae
567 2891 692 2963 iaciunt,
723 2893 905 2970 poteritque
935 2891 961 2950 is
991 2890 1142 2971 deinceps
1168 2894 1277 2952 omnia
1300 2912 1318 2952 a
1342 2911 1394 2952 me
1417 2902 1588 2969 expectare
1611 2901 1643 2951 et

191 3015 250 3057 suo
279 2998 346 3056 iure
377 2999 513 3076 exigere.
552 2994 642 3068 Vale,
674 2997 795 3073 optime
817 2991 977 3069 Conrade,
1006 2994 1109 3056 valeat
1136 2998 1210 3056 item
1233 3007 1339 3058 tecum
1363 2997 1467 3056 omnis
1490 2996 1643 3058 literarius

190 3113 312 3173 coetus,
336 3100 389 3180 qui
413 3098 602 3180 Norbergae
625 3098 721 3180 degit.
745 3097 790 3160 Vl
815 3096 879 3160 Cal.
904 3097 1019 3161 Octob.

279 3322 363 3374 Psanl
382 3323 397 3374 k
417 3321 603 3374 Bohuslavovi
630 3322 703 3374 deno
721 3337 736 3373 z
757 3320 936 3383 Normberka‚
961 3322 1039 3375 lami
1065 3323 1157 3375 Celtes
1176 3339 1211 3375 na
1230 3322 1344 3375 cestdch
1369 3323 1456 3391 svych
1475 3339 1495 3376 r.
1517 3321 1581 3375 1501
1601 3339 1643 3375 za·

189 3410 266 3469 vltal,
291 3427 308 3462 a
327 3409 378 3461 lrde
404 3426 420 3460 u
444 3408 641 3471 Pirkheimera,
666 3409 832 3462 slovutneho
857 3409 1017 3478 humanisty
1042 3427 1058 3461 a
1079 3410 1220 3477 pilznivce
1245 3410 1355 3462 novello
1379 3411 1476 3474 ruchu,
1504 3409 1643 3478 pieby'val.

192 3498 286 3558 Prttel,
305 3496 406 3548 smmi
425 3498 556 3557 cestoval,
576 3494 621 3564 byl
641 3496 824 3550 mathematilr
843 3497 968 3549 Andreas
987 3495 1123 3550 Stiborius
1141 3499 1184 3564 (=
1199 3495 1325 3564 Stiiberl).
1349 3497 1446 3550 Srovn.
1465 3497 1582 3565 Kliiplel.
1602 3498 1644 3549 De

191 3585 249 3637 vita
269 3592 297 3636 et
317 3583 427 3651 scriptis
445 3584 474 3636 C.
494 3582 589 3646 Celtis,
608 3583 743 3652 Friburgii
765 3583 838 3636 1827.

896 3973 946 4034 111.

559 4144 779 4218 Bohuslav
801 4143 955 4236 Janovi
983 4167 1006 4215 z
1034 4122 1274 4216 Selnberka.

282 4350 367 4416 (1501)
381 4379 413 4387 -
426 4350 471 4406 311.
490 4348 557 4406 zttt.
577 4350 648 4411 Plse,
667 4349 699 4402 ie
712 4349 815 4417 plijede
834 4350 870 4402 do
883 4350 982 4417 Prahy,
1002 4348 1095 4416 mail-li
1111 4349 1195 4402 snlm
1215 4348 1355 4401 kanclela
1370 4347 1498 4401 holmistr
1515 4346 1648 4401 Albrecht

193 4437 356 4489 zKolovrat
368 4452 383 4488 z
396 4436 520 4489 nailzenl
539 4436 651 4489 kralova
664 4455 680 4489 ο
694 4439 791 4490 necem
809 4437 895 4504 jinem
913 4436 1027 4505 jednati,
1046 4437 1097 4490 nei
1110 4455 1124 4488 s
1137 4437 1193 4489 nlm
1214 4435 1259 4505 byl
1276 4435 1367 4504 jednal
1386 4437 1463 4504 prvy.
1481 4435 1561 4503 (Luc.
1574 4434 1647 4501 841.)

282 4646 424 4708 Domino
456 4647 570 4729 Joanni
603 4647 814 4731 Sselnbergio,
848 4648 975 4711 cancell.
1012 4647 1089 4709 Boh.
1118 4667 1139 4709 s.
1173 4669 1201 4727 p.
1233 4647 1262 4708 d.
1300 4647 1413 4710 Scribit
1443 4647 1518 4707 mihi
1549 4645 1647 4726 Regia

195 4750 348 4813 Maiestas
370 4753 567 4815 commisisse
591 4771 625 4814 se
647 4754 702 4814 tibi
726 4764 758 4814 et
781 4751 912 4814 domino
935 4751 1080 4825 Albert0,
1104 4755 1257 4834 magistro
1277 4754 1389 4824 curiae,
1412 4750 1566 4812 nonnulla
1582 4768 1648 4811 me-

194 4875 269 4918 cum
293 4855 388 4935 loqui.
422 4855 470 4917 Ea
492 4856 596 4937 qualia
619 4869 701 4931 sunt,
725 4859 844 4919 nescio
880 4854 1041 4935 Quoniam
1065 4868 1173 4917 tamen
1196 4870 1231 4918 tu
1254 4855 1328 4916 nihil
1351 4854 1392 4916 ad
1416 4874 1469 4917 me
1491 4856 1648 4933 scripsisti,

194 4963 342 5039 suspicor
364 4959 480 5022 eadem
503 4980 582 5034 esse,
606 4959 787 5039 dequibus
811 4961 931 5042 Pragae
955 4980 1081 5022 mecum
1105 4963 1202 5042 egisti.
1236 4960 1289 5022 Ad
1313 4979 1396 5039 quae
1419 4961 1493 5039 quia
1515 4960 1578 5020 iam
1602 4977 1650 5018 re-

195 5063 322 5143 spondi,
346 5082 411 5125 non
435 5067 543 5144 putavi
566 5067 779 5127 necessarium
803 5084 874 5126 esse
897 5065 957 5126 hoc
981 5077 1127 5143 tempore
1150 5085 1202 5126 me
1225 5064 1358 5146 Pragam
1381 5062 1548 5145 proficisci.
1571 5058 1650 5123 Cae-

196 5179 301 5229 terum
323 5169 351 5229 si
373 5170 537 5248 quippiam
560 5168 645 5230 aliud
676 5188 803 5230 mecum
826 5169 961 5231 locuturi
984 5172 1068 5241 estis,
1099 5170 1194 5231 lacito
1217 5187 1269 5228 me
1292 5167 1469 5233 certiorem.
1499 5178 1531 5228 et
1561 5186 1649 5241 mox,

195 5271 250 5334 nbi
273 5271 380 5333 literas
403 5284 475 5334 tuas
497 5293 658 5353 accepere,
682 5272 724 5334 ad
747 5293 805 5334 vos
828 5273 961 5355 Pragam
986 5273 1153 5334 advolabo.
1186 5272 1267 5333 Vale
1309 5263 1507 5351 Septembris
1530 5271 1649 5333 ultima.

247 5408 346 5448 Sblrlra
366 5406 503 5458 pramenll.
523 5407 617 5459 Sltupinn
631 5408 705 5450 dmht.
725 5399 784 5449 cisto
800 5408 817 5450 1.
1476 5407 1492 5455 9
