3660 5850
774 377 866 438 1494.
1520 380 1554 431 59

96 609 153 668 pes
176 587 321 671 deest,⁵⁶)
346 592 376 650 in
401 589 452 653 25.
477 588 652 651 secundam
675 587 832 667 syllabam
848 590 879 650 in
899 593 1088 650 »versutiaex
1111 591 1193 651 male
1209 591 1368 669 corripuit,
1392 591 1424 650 in
1440 589 1551 651 ultimo

96 693 270 755 secundam
302 693 459 771 syllabam
488 695 519 754 in
554 692 771 773 »papalibus«,
803 712 899 772 quam
934 703 1029 754 antea
1058 694 1261 773 produxerat,
1293 713 1376 754 nunc
1409 694 1552 772 corripit;

97 809 186 877 putat
210 816 343 877 quoque
365 798 425 860 sibi
448 809 571 860 tantum
589 800 621 858 in
638 817 675 858 ea
692 797 829 858 dictione
846 797 945 872 licere,
970 810 1125 877 quantum
1142 797 1284 879 Vergilio
1299 800 1330 858 in
1350 798 1548 858 »connubio«

96 913 129 963 et
155 899 335 964 »Sidonia«.
360 900 485 980 Quodsi
508 902 561 975 viS,
586 913 620 963 ut
644 921 708 962 uno
732 902 831 963 verbo
847 921 916 962 rem
932 900 1105 974 absolvam,
1129 905 1208 963 scito
1224 905 1362 962 carmina
1378 921 1435 962 sua
1452 905 1552 983 magis

96 1008 230 1087 spongia
245 1024 344 1085 quam
359 1005 586 1066 emendatione
602 1004 748 1087 indigere.
772 1005 863 1067 Vale.
888 1005 989 1067 Datae
1005 1005 1173 1068 Bulsaniae
1197 1025 1282 1067 anno
1299 1005 1408 1069 salutis
1423 1019 1552 1069 nostrae

100 1110 184 1172 1494
206 1109 258 1170 die
281 1108 425 1170 secundo
445 1107 593 1189 Januarii.

183 1297 244 1349 List
262 1304 340 1349 tento
360 1314 377 1348 u
397 1295 490 1348 Mitisa
510 1297 555 1349 ma
574 1297 668 1349 datum
687 1295 834 1350 20.1edna.
855 1299 901 1366 My
920 1296 1046 1366 plidrleli
1063 1297 1134 1365 jsme
1147 1316 1178 1350 se
1192 1300 1256 1351 data
1274 1299 1405 1367 rukopisu
1424 1300 1553 1351 Klemen·

95 1384 233 1447 tinslreha
244 1383 326 1451 jehol
339 1391 395 1436 text
414 1382 511 1446 vabec,
523 1384 569 1451 jak
582 1400 597 1436 z
610 1384 765 1451 pozndmek
784 1384 883 1436 nasich
896 1386 950 1452 pod
970 1387 1053 1438 ὅπου
1068 1385 1156 1453 kaidy
1169 1384 1235 1454 hrzy
1248 1387 1340 1445 seznd,
1352 1386 1407 1452 jest
1420 1387 1551 1438 mnohem

96 1470 249 1540 spravnejsl
273 1479 349 1524 textu
376 1469 563 1538 vytidtdneho.
591 1471 616 1523 V
634 1470 828 1538 poznAmlrdch
853 1471 950 1524 nasich
974 1474 1028 1540 pod
1054 1474 1138 1524 darou
1163 1474 1299 1526 znamena
1320 1472 1474 1541 lt'rulropis
1491 1473 1552 1526 Kle-

96 1557 266 1626 mentinslry‚
285 1560 321 1607 M
333 1565 391 1610 text
409 1557 530 1610 Mitisliv.
550 1558 574 1609 0
593 1557 655 1609 veci
674 1557 760 1620 same,
777 1557 815 1624 jtt
834 1576 864 1612 se
884 1558 930 1611 list
948 1559 1022 1626 ty'ka,
1041 1559 1241 1627 pouhazujeme
1260 1559 1456 1612 kPalackemu
1475 1561 1507 1622 V,
1528 1560 1551 1621 1,

96 1645 155 1708 349,
175 1644 384 1713 ptipominajice
403 1661 500 1712 pouze,
519 1644 550 1697 ie
568 1644 696 1697 Viktorin
710 1644 727 1696 k
741 1646 919 1713 nezlizeny‘m
938 1663 993 1698 ano
1012 1648 1174 1714 nestusny'm
1194 1646 1307 1699 titolriim
1327 1647 1552 1714 Bohuslavovym

97 1732 218 1785 nemlbel
236 1732 284 1785 tait
302 1731 408 1795 docela,
425 1731 472 1799 jah
491 1731 612 1800 Palaclry
632 1731 721 1800 mysll,
740 1731 826 1800 ny'bri
846 1732 876 1785 ie
896 1734 944 1786 seb
964 1732 1010 1801 byl
1023 1750 1053 1786 se
1073 1733 1210 1793 namahal
1230 1732 1284 1800 aby
1297 1749 1312 1784 z
1325 1733 1426 1785 nemile
1446 1733 1552 1786 situace

96 1818 244 1887 vyvaznul.
264 1820 288 1872 0
306 1825 365 1871 tom
384 1819 479 1871 svidel
498 1818 562 1887 listy
582 1818 754 1886 ndsledujici.

802 2100 852 2162 51.

518 2237 736 2311 Bohuslav
760 2237 916 2331 Janovi
944 2261 967 2309 z
995 2237 1136 2333 Pibry.

185 2409 220 2476 (Ζ
240 2407 321 2465 uttan
341 2409 407 2465 1⁴8⁴
425 2438 457 2449 -
471 2409 509 2465 18.
528 2407 655 2477 hiezita.)
673 2408 800 2478 Vyktada
818 2409 866 2461 sve
886 2408 991 2460 minenl
1010 2426 1027 2460 o
1040 2410 1145 2476 hymnu
1165 2408 1273 2461 Eneas‘e
1291 2408 1394 2477 Sylvia,
1414 2409 1491 2478 ktery‘
1506 2425 1552 2461 mu

96 2498 150 2566 Jan
170 2497 262 2550 zaslal.
281 2497 372 2560 (Nova
391 2496 470 2565 epist.
488 2513 550 2564 app.
568 2495 621 2564 39.)

183 2674 298 2755 Joanni
321 2672 362 2734 de
384 2673 477 2736 Pibra
494 2694 517 2734 s.
533 2692 563 2751 p.
579 2672 609 2733 d.
626 2672 739 2734 Misisti
754 2671 863 2733 adme
882 2671 1039 2749 hymnum
1062 2674 1123 2733 suh
1145 2675 1275 2734 nomine
1297 2671 1430 2735 Aeneae
1453 2672 1551 2753 Sylvii

97 2781 298 2856 impressum,
321 2789 354 2838 et
377 2779 512 2858 quaeris,
547 2777 643 2858 quale
674 2779 713 2837 sit
736 2794 845 2836 meum
869 2775 911 2836 de
934 2794 974 2835 eo
996 2775 1158 2838 indicium.
1184 2774 1305 2856 Accipe
1329 2780 1446 2856 paucis,
1474 2777 1551 2857 quid

97 2885 243 2944 sentiam.
282 2881 434 2959 Hymnus
462 2893 609 2944 naturam
642 2892 673 2942 et
703 2882 805 2961 magis
827 2879 1011 2960 religionem
1041 2879 1245 2942 christianam
1275 2901 1372 2962 quam
1404 2884 1551 2960 poeticen

97 2985 230 3059 redolet,
255 2989 383 3047 minime
400 2998 515 3058 tamen,
539 2997 574 3046 ut
597 2985 672 3046 mihi
687 2984 819 3058 videtur,
843 2982 985 3058 authore,
1001 2985 1052 3044 cui
1068 2983 1262 3058 adscribitur,
1284 2985 1408 3065 dignus,
1431 2987 1551 3066 quippe

97 3093 129 3151 in
167 3110 232 3170 quo
270 3108 504 3170 saepenumero
535 3090 564 3149 in
592 3087 722 3165 syllabis
753 3099 912 3167 peccatur,
943 3086 1032 3166 quod
1062 3088 1206 3167 prolecto
1233 3109 1251 3148 a
1282 3086 1391 3165 Sylvio
1425 3093 1551 3169 penitus

97 3193 240 3255 alienum
262 3206 318 3255 est.
356 3192 455 3272 Quod
485 3203 594 3254 autem
624 3195 669 3253 ais
700 3191 879 3272 plerosque,
902 3211 986 3271 quae
1009 3193 1039 3252 in
1063 3192 1185 3270 hymno
1213 3192 1367 3261 dicuntur.
1399 3193 1551 3254 adversus

99 3297 268 3376 pontifices
291 3299 452 3358 maximos
482 3297 542 3358 dici
570 3307 689 3375 putare,
721 3295 887 3357 ridiculum
910 3308 966 3358 est.
1007 3295 1082 3357 Non
1105 3297 1190 3357 enim
1212 3296 1317 3370 video,
1340 3316 1396 3358 cur
1417 3300 1551 3359 summis

98 3402 304 3483 pontificibus
327 3403 433 3480 potius
456 3421 554 3482 quam
573 3402 752 3482 unicuique,
775 3403 830 3480 qui
853 3403 895 3461 ita
918 3402 998 3474 vivit,
1016 3410 1050 3461 ut
1074 3401 1205 3461 minime
1227 3401 1430 3463 venerandae
1452 3404 1553 3463 crucis

98 3507 258 3585 particeps
280 3508 328 3575 sit,
352 3508 519 3566 convenire
535 3507 668 3584 possint.
692 3504 850 3565 Nimimm
867 3505 962 3564 etiam
973 3501 1002 3585 *)
1025 3504 1057 3566 id
1080 3517 1300 3567 commentum
1325 3516 1380 3579 est,
1404 3507 1458 3584 qui
1481 3525 1551 3582 per-

97 3612 235 3671 niciosas
250 3629 325 3671 suas
341 3612 517 3688 opiniones
541 3629 607 3689 quo
624 3608 852 3671 tolerabiliores
868 3608 954 3687 apud
970 3607 1109 3688 populos
1124 3612 1193 3683 sint,
1209 3609 1342 3671 aliorum
1359 3609 1550 3671 authoritate

98 3728 272 3794 contegere
294 3717 435 3793 cupiunt.
459 3712 511 3776 Sic
534 3713 675 3776 Platonis
705 3713 874 3794 allegoriae
898 3713 1004 3775 multis
1027 3714 1187 3774 erroribus
1213 3713 1392 3794 perfugium
1415 3713 1549 3775 fuerunt.

98 3818 151 3882 Sic
174 3817 335 3880 Averroes
357 3818 464 3879 Arabs
486 3821 642 3881 unitatem
665 3816 842 3878 intellectus
869 3837 912 3877 ex
934 3817 1037 3878 verbis
1059 3815 1241 3878 Aristotelis
1264 3816 1381 3879 docere
1405 3828 1548 3879 conatur.

97 3922 151 3985 Sic
174 3922 305 3997 Arriani,
330 3921 509 3996 Sabelliani,
532 3921 756 3984 Macedoniani
775 3921 943 3983 haeresum
966 3940 1095 3983 suarum
1118 3922 1296 3982 velamenta
1318 3941 1360 3982 ex
1383 3921 1551 4003 euangelio

97 4029 313 4088 assumebant.
337 4025 413 4087 Non
430 4038 498 4088 erat
521 4037 606 4087 certe
621 4025 750 4087 Aeneas
773 4037 881 4089 tantae
900 4028 1086 4089 temeritatis
1100 4037 1197 4106 atque
1212 4029 1367 4101 insaniae,
1391 4024 1551 4089 declarant

98 4130 131 4192 id
148 4129 215 4190 libri
228 4132 464 4210 concionesque
480 4149 566 4205 suae,
582 4132 612 4191 in
629 4131 745 4209 quibus
760 4131 802 4191 de
817 4130 1021 4210 pontificibus
1034 4150 1160 4211 semper
1171 4131 1392 4192 honestissime
1405 4128 1551 4210 loquitur.

98 4232 208 4315 Atque
240 4236 361 4297 utinam
390 4234 453 4295 hoc
483 4254 585 4316 genus
615 4234 792 4309 hominum,
826 4237 1010 4316 quicunque
1037 4233 1166 4296 tandem
1197 4245 1278 4309 sunt,
1313 4254 1351 4295 ea
1381 4236 1451 4309 sint,
1487 4253 1551 4313 qua

98 4337 236 4412 Aeneas,
260 4338 426 4400 modestia.
450 4337 514 4402 Sed
531 4338 572 4400 illi
588 4338 629 4399 de
646 4358 680 4400 se
697 4338 846 4401 viderint:
871 4349 1016 4400 nostrum
1032 4349 1079 4399 est
1103 4341 1212 4418 pietati
1229 4341 1397 4417 virtutique
1420 4338 1550 4401 studere

97 4454 128 4502 et
153 4459 285 4518 operam
308 4441 393 4515 dare,
416 4453 450 4504 ut
466 4442 537 4522 plus
552 4442 640 4521 apud
655 4461 716 4505 nos
731 4444 834 4504 valeat
857 4442 988 4504 ecclesia
1011 4440 1072 4503 Dei
1095 4454 1143 4504 tot
1165 4445 1338 4520 scripturae
1361 4445 1551 4506 testimoniis

97 4555 211 4623 totque
234 4544 493 4607 doctissimorum
516 4547 855 4626 sanctissimorumque
881 4547 1049 4608 hominum
1073 4549 1237 4608 sententiis
1260 4560 1351 4625 septa
1374 4559 1405 4609 et
1428 4549 1551 4610 munita

97 4668 197 4728 quam
221 4649 332 4711 talium
356 4650 517 4712 dementia
540 4661 572 4712 et
603 4653 800 4730 perversitas.
838 4648 904 4712 Sed
928 4649 970 4711 de
993 4650 1040 4711 his
1064 4650 1162 4729 plura,
1191 4670 1302 4731 quum,
1325 4663 1359 4712 ut
1383 4649 1551 4730 polliceris,

96 4753 259 4828 advenies,
282 4753 513 4832 colloquemur.
537 4754 628 4817 Vale.
651 4753 756 4817 Datae
779 4753 944 4817 Bulsaviae
970 4754 1018 4819 18.
1042 4755 1145 4817 Martii
1174 4754 1263 4817 1494.

188 4974 221 5042 ⁵⁶)
239 4976 309 5029 Veri
326 4983 404 5028 tento
424 4977 469 5029 zni
488 4977 585 5030 doceia
604 4979 722 5046 spravne
741 4996 758 5029 v
774 4977 903 5046 ruhopise
923 4980 955 5027 K
966 4979 1057 5030 talto:

429 5081 576 5148 Agricolae
595 5081 647 5134 ista
666 5081 732 5134 boni
752 5097 833 5149 seges
853 5090 909 5143 est3
929 5081 1001 5134 hanc
1021 5081 1132 5135 disserit
1152 5081 1205 5135 ille.

97 5186 200 5237 Patrne
220 5185 313 5237 zasldn
332 5184 379 5254 hyl
397 5186 584 5238 Bohuslavovi
609 5185 701 5254 plepis
720 5185 841 5255 chyhny'.

186 5290 212 5356 ²²³)
232 5289 287 5341 Sic.
307 5290 381 5344 Snad
402 5290 447 5343 ma
466 5290 524 5360 by‘ti
543 5308 647 5346 eorum.
