3660 5850
804 400 896 468 1494.
1539 407 1575 464 51

128 632 242 700 potest,
266 642 284 683 a
307 623 574 701 perniciosissima
602 624 754 703 opinione
776 642 976 685 revocavero.
1013 621 1128 702 Neque
1151 632 1258 683 tamen
1282 631 1338 698 est,
1368 642 1424 685 cur
1453 643 1488 686 se
1510 625 1584 686 novi

128 729 240 788 erroris
270 727 438 789 authorem
465 729 635 789 existimet.
669 727 741 809 Jam
772 738 867 789 antea
898 727 1026 789 Dathan
1057 737 1089 788 et
1116 724 1240 788 Abiron
1270 725 1422 788 adversus
1445 726 1583 806 Moysen

129 831 381 908 murmurabant,
404 842 437 893 et
459 832 611 894 dominus
630 831 724 913 lesus
747 852 766 893 a
786 831 915 913 Judaeis
938 830 1160 893 Samaritanus
1183 841 1214 893 et
1237 830 1443 894 daemonium
1461 832 1584 894 habens

127 937 310 997 vocabatur.
333 934 522 998 Luciferiani
537 956 579 997 ex
595 937 729 998 ecclesia
739 935 764 1015 7)
781 935 841 997 Dei
856 935 991 1014 lupanar
1005 937 1124 998 iactum
1140 937 1244 1015 questi
1260 947 1341 1009 sunt,
1365 955 1448 1017 quos
1463 937 1584 999 amicus

128 1050 238 1101 noster
260 1042 351 1119 sequi
374 1038 516 1102 videtur:
541 1041 675 1103 sortasse
689 1053 807 1114 autem,
831 1043 984 1121 quoniam
1001 1043 1057 1120 qui
1071 1039 1259 1102 Luciferiani
1275 1040 1398 1115 suerint,
1420 1037 1582 1124 ignorat.⁸)

126 1143 284 1224 loannem
300 1142 485 1205 Wiclefium
501 1145 688 1206 temeritatis
703 1145 819 1206 ducem
837 1144 956 1218 habuit,
969 1145 1056 1224 apud
1073 1164 1170 1225 quem
1186 1144 1338 1206 familiare
1353 1157 1402 1207 est
1417 1145 1582 1208 ecclesiam

128 1247 310 1309 Romanam
333 1267 404 1310 esse
427 1266 626 1331 synagogam
650 1247 817 1311 Sathanae.
857 1246 1028 1310 Caeterum
1051 1248 1192 1311 debebat
1215 1269 1275 1328 pro
1298 1249 1465 1327 prudentia
1488 1245 1582 1332 sua⁹)

128 1370 242 1413 eorum
265 1353 370 1413 exitus
393 1351 643 1431 perhorrescere,
667 1371 806 1431 quorum
830 1353 913 1413 iacta
936 1355 1084 1414 imitatur.
1108 1351 1219 1414 Arrius
1234 1351 1473 1415 Alexandrinus
1496 1371 1584 1433 pres·

128 1456 228 1534 byter,
251 1458 307 1536 qui
329 1456 514 1534 pestiferum
537 1458 568 1517 in
593 1456 743 1536 religione
765 1459 849 1518 virus
861 1453 898 1539 ¹⁰)
922 1467 992 1518 toto
1009 1456 1074 1518 lere
1090 1456 1168 1517 orbe
1184 1466 1338 1518 terrarum
1356 1459 1580 1519 seminaverat:

128 1580 201 1621 cum
225 1579 309 1639 opus
330 1572 463 1622 naturae
485 1563 700 1621 necessarium
717 1572 834 1643 ageret,
854 1563 973 1622 viscera
989 1563 1107 1640 pariter
1121 1556 1159 1641 ¹¹)
1175 1561 1287 1621 emisit.
1307 1559 1450 1640 Julianus
1466 1558 1583 1622 Caesar

128 1664 206 1724 dom
236 1664 337 1726 multa
363 1663 517 1725 adversus
548 1663 744 1727 Christianos
772 1664 909 1738 molitur,
943 1666 975 1726 in
1005 1663 1213 1743 expeditione
1244 1663 1388 1725 Parthica
1419 1666 1583 1725 mortiiero

128 1768 257 1829 vulnere
286 1769 412 1830 saucius
442 1778 572 1830 coactus
602 1769 659 1830 luit
689 1769 881 1830 exclamare:
917 1769 1053 1840 »Vicisti
1084 1766 1232 1841 Galilaee,
1264 1768 1397 1842 vicisti«;
1426 1770 1468 1829 ita
1498 1769 1581 1828 enim

128 1872 328 1934 Salvatorem
352 1883 496 1934 nostrum
520 1891 576 1952 per
598 1881 821 1951 contemptum
835 1869 874 1948 12)
897 1870 1089 1951 appellabat.
1118 1869 1234 1951 Neque
1257 1871 1320 1932 hoc
1343 1871 1467 1950 loquor,
1492 1870 1582 1950 quod

129 1989 184 2038 aut
213 1978 286 2037 huic
316 1977 421 2037 amico
451 1986 505 2037 aut
537 1977 674 2055 cuipiam
697 1975 785 2037 alteri
809 1978 980 2055 quicquam
1005 1973 1133 2057 mali¹³)
1157 1976 1290 2036 ominari
1312 1975 1406 2036 velim
1429 1974 1475 2058 (id
1498 1978 1583 2036 enim

128 2100 147 2141 a
171 2081 314 2141 moribus
336 2081 416 2141 meis
439 2099 572 2160 prorsus
595 2081 735 2142 alienum
758 2080 833 2160 est):
857 2080 914 2141 sed
938 2080 1038 2141 multa
1061 2079 1221 2141 Dominus
1244 2078 1357 2142 tolerat
1379 2089 1410 2140 et
1425 2080 1511 2141 lento
1535 2078 1583 2163 (ut

128 2185 179 2245 ille
203 2181 259 2266 ait)
282 2183 385 2265 gradu
411 2183 454 2246 ad
483 2184 655 2246 vindictam
686 2184 840 2263 procedit,
871 2183 1117 2264 tarditatemque
1147 2182 1289 2263 supplicii
1315 2185 1469 2265 gravitate
1495 2204 1583 2247 com·

128 2299 252 2367 pensat.
275 2287 375 2350 Poeta
399 2307 530 2368 quoque
554 2289 749 2370 ingeniosus:
773 2290 883 2350 ultima
906 2307 1040 2367 semper,
1064 2290 1173 2367 inquit,

421 2426 637 2507 Expectanda
658 2427 727 2490 dies
749 2429 870 2491 homini
894 2440 942 2491 est
965 2428 1090 2508 dicique
1113 2428 1228 2490 beatus

421 2530 508 2594 Ante
531 2535 657 2596 obitum
680 2552 778 2595 nemo
801 2551 1018 2614 supremaque
1041 2532 1150 2594 lunera
1173 2531 1279 2594 debet.

128 2670 203 2732 Non
226 2672 347 2734 carebit
370 2673 516 2751 prolecto
547 2692 691 2754 unquam
721 2674 819 2735 virtus
841 2692 901 2735 suo
925 2674 1048 2751 premio
1071 2691 1176 2753 neque
1199 2670 1332 2751 perfidia
1354 2675 1581 2753 temeritasque

127 2794 242 2853 poena.
280 2775 403 2837 Horres
433 2786 468 2838 tu
498 2777 638 2857 quidem,
665 2776 816 2858 loannes
845 2796 930 2858 quae
960 2787 1016 2838 tua
1039 2778 1141 2856 pietas
1164 2788 1221 2851 est,
1252 2776 1475 2855 impudentem
1498 2776 1581 2838 hanc

128 2879 376 2957 blasphemiam:
407 2880 465 2942 sed
495 2901 561 2942 non
593 2893 650 2956 est,
680 2901 779 2963 quare
810 2881 961 2943 ecclesiae
991 2881 1213 2961 pertimescas,
1247 2879 1397 2942 solidiora
1430 2883 1513 2943 enim
1549 2891 1581 2941 et

127 2983 268 3045 firmiora
290 2995 364 3047 sunt
379 2987 448 3046 eius
464 2985 681 3060 fundamenta,
705 3005 804 3065 quam
820 2997 854 3047 ut
869 2985 1053 3047 huiusmodi
1068 2985 1285 3047 deliramentis
1300 2985 1434 3046 convelli
1451 2987 1582 3063 possint,

127 3100 159 3150 et
181 3108 264 3169 quae
287 3089 440 3152 adversus
463 3101 512 3153 tot
535 3101 755 3171 persecutores
781 3091 996 3171 haeresesque
1023 3090 1143 3151 stabilis
1167 3100 1264 3168 atque
1286 3089 1433 3150 inviolata
1458 3091 1581 3162 mansit,

126 3192 219 3254 huius
252 3212 384 3274 quoque
418 3195 640 3256 conviciatoris
654 3191 694 3276 ¹⁴)
729 3197 896 3273 improbos
930 3205 1064 3257 conatus
1098 3193 1188 3254 sacile
1222 3196 1253 3254 in
1287 3192 1418 3253 nihilum
1452 3192 1581 3275 rediget.

127 3297 244 3377 Neque
267 3300 352 3359 enim
375 3298 491 3362 frustra
514 3299 673 3362 Dominus
696 3301 753 3361 ait:
782 3299 881 3374 Petre,
911 3301 1020 3380 rogavi
1049 3309 1170 3377 prote,
1201 3309 1236 3359 ut
1262 3316 1329 3359 non
1352 3297 1478 3360 deficiat
1503 3297 1582 3359 fides

126 3413 189 3464 tua
212 3401 345 3464 Possem
376 3403 480 3479 surda,
511 3416 546 3467 ut
576 3402 638 3465 dici
666 3404 756 3477 solet,
787 3423 864 3465 aure
895 3404 973 3465 haec
1003 3405 1200 3483 pertransire,
1224 3401 1488 3482 quandoquidem
1511 3402 1581 3477 tela,

124 3525 209 3586 quae
232 3509 264 3568 in
286 3526 347 3569 nos
370 3509 451 3581 iacit,
473 3519 541 3571 tam
563 3507 668 3569 valida
690 3517 772 3581 sunt,
796 3519 830 3570 ut
853 3517 926 3570 tuto
947 3508 998 3569 vel
1013 3526 1197 3587 papyraceo
1214 3517 1307 3569 scuto
1324 3510 1428 3587 excipi
1445 3519 1579 3586 queant:

123 3611 183 3672 sed
205 3630 325 3686 vereor,
349 3631 390 3673 ne
413 3631 460 3687 ea,
483 3631 566 3691 quae
589 3610 764 3685 dissimulo,
788 3613 977 3691 approbare,
1008 3624 1040 3674 et
1072 3633 1155 3693 quae
1178 3624 1362 3685 contemno,
1393 3613 1504 3672 timere
1528 3631 1580 3673 me

123 3716 299 3789 arbitretur,
323 3726 420 3795 atque
444 3717 476 3777 in
498 3714 623 3797 angulis
645 3727 677 3777 et
700 3717 781 3778 inter
803 3736 878 3778 suas
901 3716 1101 3778 mulierculas
1124 3727 1278 3796 tanquam
1300 3718 1401 3777 victor
1422 3716 1580 3798 glorietur.

124 3819 235 3900 ltaque
265 3820 480 3902 exagitandus
511 3839 682 3899 parumper
713 3832 761 3882 est
792 3830 824 3880 et
856 3819 1031 3892 docendus
1054 3839 1240 3901 quanquam
1263 3821 1320 3881 sihi
1345 3822 1452 3881 omnia
1476 3823 1580 3893 sumit,

123 3943 188 3984 non
212 3927 320 3985 omnia
345 3934 453 3986 tamen
477 3943 552 3986 eum
575 3935 745 4002 praestare.
768 3922 813 3985 At
836 3943 934 4004 quam
958 3924 1127 4005 magnifice
1143 3923 1279 3985 orditurl
1306 3924 1436 3985 Putares
1452 3935 1580 3985 montes

122 4030 293 4106 parturire:

377 4132 460 4213 »Qui
483 4133 613 4194 coelum
635 4144 824 4213 terramque,
846 4132 944 4208 Deus,
967 4135 1131 4215 mariaque
1154 4135 1267 4195 creasti

434 4237 484 4297 De
507 4236 612 4312 nihilo,
636 4240 758 4316 coeptis
782 4257 848 4298 non
870 4237 948 4312 fave,
972 4257 1102 4318 quaeso,
1125 4241 1243 4299 novis«

121 4375 248 4439 Omitto
275 4376 364 4457 quod
397 4386 493 4455 poeta
521 4377 571 4438 hic
598 4387 708 4438 noster
739 4379 769 4437 in
800 4378 954 4457 principio
983 4380 1090 4439 statim
1121 4379 1258 4460 insignes
1288 4377 1372 4439 duos
1400 4395 1524 4438 errores
1547 4378 1578 4437 in

119 4501 215 4543 versu
237 4482 411 4543 commisit:
436 4500 511 4542 nam
534 4493 566 4543 et
589 4481 786 4543 tribrachum
809 4484 840 4542 in
863 4483 975 4562 quinto
998 4483 1173 4543 hexametri
1197 4482 1363 4544 collocavit
1386 4495 1417 4544 ct
1433 4482 1577 4542 ultimam

224 4723 244 4790 ἢ
263 4722 291 4774 Μ
309 4723 405 4790 gloria.

223 4809 243 4877 Β)
263 4811 289 4861 Μ
309 4827 378 4876 quae
399 4809 567 4863 Luciferiani
588 4818 738 4876 queruntur
757 4810 810 4861 hic.

223 4896 244 4962 ⁹)
263 4897 289 4948 M
309 4906 419 4965 propter
438 4898 519 4949 deum
540 4898 704 4949 sententiae.

215 4983 244 5048 ¹⁰)
264 4985 292 5035 M
311 4983 466 5035 doctrinam
487 4983 654 5051 pestiferam.

214 5070 243 5136 ¹¹)
262 5071 289 5121 M
308 5069 447 5122 viscerum
468 5080 582 5138 partem.

214 5157 243 5224 ¹²)
263 5158 289 5208 Μ
309 5167 459 5210 ostentum.

214 5244 244 5312 ¹²)
264 5245 292 5296 lli
310 5252 337 5297 et
357 5244 476 5312 cuipiam
496 5246 551 5297 tale
571 5245 727 5312 quicquam.

213 5332 242 5398 ¹⁶)
262 5332 288 5384 ll
307 5331 521 5386 concionatoris.
