3660 5850
263 391 316 445 204

260 625 317 667 cur
339 624 434 687 aegre
459 604 548 680 feras,
572 606 596 665 si
619 617 651 667 te
675 605 716 667 ad
740 605 771 667 id
794 617 923 686 tempus
941 607 1103 680 reservavi,
1127 626 1193 687 quo
1217 624 1283 666 non
1299 607 1405 666 minus
1420 604 1598 666 commode
1620 623 1723 684 quam

260 711 291 769 in
311 711 489 789 praesentia
506 708 662 771 beneficio
684 719 742 771 tuo
767 712 811 771 nti
827 709 940 772 licebit.
964 708 1158 790 Quanquam
1182 722 1291 773 autem
1311 720 1437 788 praeter
1451 707 1724 770 consuetudinem

260 813 358 876 seculi
379 815 477 877 nostri
507 813 589 888 facis,
622 816 675 894 qui
700 815 824 895 inipso
847 827 919 876 ortu
943 815 1099 875 amicitiae
1121 835 1158 876 ea
1183 825 1335 893 praestas,
1370 832 1454 893 quae
1484 833 1504 874 a
1525 813 1722 875 coniunctis

259 920 346 979 simis
368 929 464 999 atque
488 917 735 979 familiarissimis
758 921 812 979 vix
834 920 953 997 sperari
976 929 1125 997 possunt:
1149 919 1225 980 mihi
1248 930 1356 980 tamen
1380 916 1522 980 studium
1537 918 1606 991 erit,
1630 928 1723 978 nete

260 1024 485 1101 quempiamve
502 1022 597 1083 alium
614 1025 731 1084 amoris
755 1025 786 1083 in
810 1042 861 1084 me
878 1033 910 1085 et
926 1021 1167 1084 benevolentiae
1189 1025 1362 1104 poeniteat.
1386 1021 1477 1084 Vale.
1501 1019 1554 1082 Ex
1570 1019 1722 1083 Bulsavia

260 1127 289 1188 t.
314 1123 377 1187 Cal.
402 1125 569 1189 Octobres.

344 1312 494 1366 Adressata
516 1312 660 1366 nezname.
691 1313 838 1371 Ponevadi
862 1314 908 1366 list
933 1315 1002 1382 pean
1028 1332 1045 1366 v
1063 1314 1201 1367 Blsanech
1224 1312 1289 1381 jalro
1314 1312 1378 1383 listy
1400 1312 1600 1381 Bnhuslavovy
1626 1310 1723 1375 starsl,

260 1398 367 1462 moini,
386 1399 417 1452 le
433 1398 547 1466 jednalo
565 1417 595 1453 se
615 1417 631 1453 ο
650 1401 772 1468 vy'menu
790 1402 878 1470 penez
897 1418 933 1454 na
952 1409 1030 1454 cestu
1049 1400 1200 1469 nychodnl.

954 1715 1023 1779 175.

679 1870 899 1944 Bohuslav
922 1870 1074 1964 Janovi
1101 1893 1124 1943 z
1153 1868 1295 1967 Pibry.

346 2059 366 2113 Ζ
387 2058 504 2116 fladanl.
523 2058 615 2126 Lituje
634 2077 652 2111 v
670 2060 822 2113 iizlrostech
841 2061 1032 2129 postaveneho
1050 2077 1083 2114 za
1101 2060 1228 2130 pileinou
1253 2059 1346 2122 boule‚
1363 2057 1408 2127 jez
1426 2075 1473 2111 mu
1493 2057 1579 2121 brozi,
1598 2076 1616 2111 a
1636 2075 1723 2127 napo·

258 2146 342 2208 mina,
361 2145 415 2214 aby
434 2146 515 2215 mysli
535 2146 682 2200 neztrdcel.
704 2146 842 2214 Vzlrazuje
862 2165 909 2200 mu
927 2150 963 2216 po
982 2147 1123 2201 Lukdsovi
1141 2147 1210 2201 radu
1228 2163 1307 2209 svou,
1326 2146 1369 2199 ale
1389 2144 1479 2214 mysll,
1498 2143 1554 2213 aby
1572 2144 1638 2198 take
1659 2162 1674 2197 s
1690 2144 1721 2212 ji-

258 2233 336 2301 ny'mi
354 2250 384 2285 se
403 2233 516 2301 poradil.
536 2234 626 2300 (Nova
644 2233 723 2302 epist.
744 2251 804 2303 app.
823 2233 900 2302 aba.)

343 2408 459 2490 Joanni
482 2408 522 2470 de
547 2408 637 2470 Pibra
660 2430 683 2470 s.
707 2409 737 2471 d.
768 2409 887 2473 Retulit
917 2410 993 2471 mihi
1024 2410 1129 2472 Lucas
1151 2408 1306 2492 grandem
1330 2411 1384 2472 tibi
1413 2408 1588 2488 procellam
1611 2410 1719 2469 immi-

259 2531 343 2585 nere,
367 2524 463 2592 atque
486 2514 531 2574 ob
554 2511 585 2573 id
608 2513 680 2591 plus
704 2514 846 2589 fortasse,
870 2533 968 2593 quam
992 2513 1155 2575 hominem
1179 2525 1381 2576 constantem
1404 2513 1507 2575 facere
1528 2533 1588 2592 par
1602 2523 1663 2587 est,
1688 2522 1721 2573 te

260 2619 341 2697 angi,
365 2614 471 2699 Aegre
496 2616 527 2678 id
551 2629 582 2680 et
605 2620 739 2698 gravius,
763 2637 861 2697 quam
885 2617 946 2679 dici
970 2628 1086 2696 potest,
1110 2618 1185 2680 fero.
1213 2617 1438 2698 Quaecunque
1461 2619 1545 2678 enim
1570 2616 1626 2678 tibi
1647 2635 1722 2677 eve·

258 2723 356 2794 nium,
387 2741 425 2781 ea
457 2740 518 2803 ego
542 2740 601 2801 pro
625 2741 698 2782 meo
722 2723 752 2782 in
776 2734 808 2784 te
831 2723 937 2784 studio
961 2742 1027 2784 non
1059 2741 1193 2801 possum
1224 2722 1300 2783 mihi
1330 2740 1396 2782 non
1426 2719 1570 2782 evenisse
1592 2731 1720 2798 putare.

258 2823 373 2904 Neque
396 2824 540 2904 profecto
574 2826 605 2887 id
638 2827 835 2890 humanitate
867 2847 937 2888 mea
962 2826 1084 2900 accidit,
1115 2825 1172 2887 sed
1196 2829 1309 2889 virtute
1333 2837 1387 2887 tua
1413 2835 1446 2886 et
1467 2823 1619 2908 singulari
1643 2844 1722 2906 erga

259 2947 312 2989 me
336 2928 567 3005 benevolentia,
591 2935 640 2991 cui
664 2933 723 2992 nisi
746 2933 852 3012 aliqua
875 2943 1031 3011 exparte
1055 2929 1294 3012 responderem,
1321 2930 1505 3009 improbum
1527 2947 1582 2990 me
1603 2947 1642 2989 ac
1667 2947 1723 2989 ne·

258 3032 371 3094 larium
395 3033 569 3096 confiterer.
604 3034 680 3096 Noli
711 3047 745 3098 tu
776 3046 947 3117 propterea
969 3035 1138 3097 concidere
1168 3045 1267 3115 atque
1289 3036 1397 3096 animo
1428 3033 1545 3116 frangi;
1576 3031 1724 3094 humana

258 3155 333 3198 nam
356 3148 439 3212 sunt,
464 3157 546 3218 quae
570 3141 695 3217 pateris,
718 3159 823 3219 neque
847 3140 900 3201 ulli
923 3142 1024 3214 sexui,
1048 3142 1144 3202 aetati
1167 3140 1354 3219 nationique
1377 3138 1545 3220 incognita.
1569 3135 1618 3198 Ea
1634 3146 1724 3198 certe

259 3240 328 3322 lege
352 3260 517 3317 nascimur,
552 3253 588 3303 ut
616 3245 766 3305 omnibus
797 3245 942 3306 fortunae
971 3244 1115 3306 ludibriis
1145 3245 1283 3324 expositi
1315 3245 1423 3304 simus.
1458 3240 1543 3316 Noli,
1576 3242 1723 3320 inquam,

260 3346 471 3420 committere,
492 3358 526 3408 ut
542 3356 597 3408 aut
620 3347 767 3409 fortunae
783 3351 945 3409 temeritas
960 3359 1015 3410 aut
1031 3351 1221 3429 cuiusquam
1244 3348 1355 3408 levitas
1377 3345 1449 3427 plus
1463 3344 1552 3425 apud
1568 3355 1600 3407 te
1616 3346 1723 3423 possit

260 3467 358 3528 quam
388 3450 533 3528 probitas
565 3453 811 3533 innocentiaque
843 3465 898 3513 tua
928 3464 959 3513 et
989 3454 1051 3513 vita
1079 3453 1121 3513 ab
1152 3454 1222 3532 ipsa
1251 3453 1386 3532 pueritia
1416 3459 1502 3511 recte
1532 3450 1725 3530 integreque

260 3562 426 3629 transacta,
462 3573 544 3634 quae
575 3555 747 3616 doctissimi
778 3556 927 3618 homines
951 3556 1056 3616 solum
1080 3557 1166 3616 bona
1193 3556 1386 3629 existimant,
1421 3554 1576 3633 quoniam
1599 3554 1724 3614 nemini

260 3658 337 3735 eripi
361 3657 539 3739 auferrique
562 3671 705 3739 possunt.
729 3658 864 3738 Reliqua
888 3679 930 3721 ex
952 3659 1042 3721 Luca
1065 3678 1250 3742 cognosces,
1278 3659 1421 3739 quinon
1445 3658 1551 3719 solum
1574 3658 1723 3719 animum

259 3779 368 3821 meum
391 3761 423 3822 in
447 3773 478 3823 te
502 3762 559 3824 sed
582 3765 686 3834 etiam,
710 3762 787 3843 quid
804 3765 860 3825 tibi
877 3762 1058 3825 faciendum
1081 3776 1201 3843 putem,
1224 3782 1334 3825 coram
1350 3761 1471 3823 referet.
1494 3757 1582 3822 Cave
1600 3772 1723 3836 tamen,

260 3882 300 3924 ne
323 3874 448 3926 tantum
480 3865 555 3925 mihi
586 3868 714 3940 tribuas,
746 3878 787 3942 ut,
819 3887 902 3947 quae
932 3887 1027 3928 ame
1050 3878 1209 3940 emanant,
1240 3867 1368 3929 oracula
1396 3863 1558 3946 quaedam
1591 3863 1724 3940 iudices,

259 3966 316 4027 sed
340 3987 398 4028 eos
421 3987 553 4049 quoque
583 3971 724 4047 consule,
755 3973 809 4051 qui
840 3975 870 4033 in
902 3973 950 4033 his
981 3972 1077 4034 rebus
1106 3972 1271 4051 peritiores
1301 3971 1607 4049 exercitatioresque
1637 3981 1723 4031 sunt.

259 4068 453 4151 Quanquam
477 4075 562 4133 enim
592 4075 660 4153 ipse
684 4079 825 4137 maxime
850 4079 995 4137 omnium
1027 4077 1082 4137 tibi
1114 4077 1196 4136 bene
1227 4094 1297 4136 esse
1324 4075 1427 4153 cupio,
1458 4091 1571 4134 vereor
1600 4082 1723 4147 tamen,

258 4193 298 4236 ne
321 4195 409 4237 error
432 4196 524 4238 meus
539 4189 636 4257 atque
660 4181 815 4259 imperitia
830 4183 886 4242 tibi
904 4180 1035 4261 aliquod
1058 4183 1224 4261 negotium
1240 4180 1418 4241 facesseret.
1441 4176 1532 4239 Vale.
1557 4174 1723 4239 Cadauae.

345 4379 428 4433 Obttt
447 4381 566 4449 vy'kladu
585 4399 601 4435 a
620 4384 733 4436 vroeenl
758 4384 822 4437 listu
848 4385 947 4438 tohoto
964 4384 1018 4451 jest
1037 4385 1187 4439 nesmtrnt.
1215 4383 1325 4452 Napled
1345 4382 1430 4435 mluvl
1449 4398 1479 4434 se
1498 4398 1516 4433 o
1534 4379 1624 4443 bouii,
1643 4379 1725 4433 kterd

260 4465 370 4519 Pibrovi
389 4471 438 4536 pry'
458 4470 543 4532 brozi,
562 4470 621 4533 coi,
642 4471 764 4524 meme-li
783 4475 867 4525 zletel
887 4473 903 4525 k
922 4472 1028 4540 mirolru
1053 4472 1234 4541 pozdejsimu,
1254 4471 1285 4524 ie
1304 4468 1511 4539 nepozbytnym
1530 4466 1648 4521 dobrem
1666 4466 1725 4535 jest

257 4551 351 4619 jedinft
369 4563 459 4617 enost,
479 4556 573 4608 mohlo
592 4556 628 4624 by
648 4557 793 4610 ukazovati
813 4558 829 4611 k
850 4558 1000 4626 nebezpeei
1026 4559 1114 4627 ztrftty
1133 4558 1229 4625 nejalre
1255 4558 1380 4620 hmotne,
1399 4574 1435 4610 na
1454 4558 1493 4625 pl.
1512 4553 1604 4622 ztrt'sty
1623 4555 1724 4607 diadu.

258 4640 308 4692 Ale
327 4641 398 4710 vidy
417 4646 481 4709 opet
499 4642 599 4710 vsiklad
623 4652 670 4696 ten
692 4643 747 4712 jest
772 4645 880 4714 nejisty'‚
901 4646 1044 4714 ponevadl
1065 4646 1206 4699 Bohuslav
1230 4646 1291 4698 dale
1317 4645 1404 4713 pravi,
1423 4642 1455 4696 ie
1474 4642 1586 4696 nehoda
1605 4640 1724 4695 Pibrovi

258 4727 362 4779 hrozlcl
386 4727 440 4795 jest
459 4746 547 4796 pouze
566 4730 663 4792 ndstra,
680 4729 717 4797 jti
735 4731 896 4799 podrobeno
921 4732 1006 4785 kalde
1031 4733 1151 4801 pohlavl,
1174 4731 1262 4800 taidi
1282 4732 1342 4793 vdk,
1364 4730 1453 4798 katdy
1476 4729 1573 4791 narod,
1592 4728 1723 4782 kterelto

257 4813 329 4867 frase
345 4813 424 4882 jindy
443 4814 561 4867 uilvano
580 4816 653 4884 by'vd
668 4815 716 4884 jen
736 4835 752 4869 o
771 4819 926 4870 nemocech
945 4835 961 4870 a
980 4836 996 4870 ο
1015 4818 1102 4871 smrti.
1129 4817 1303 4871 Souvisela-li
1325 4816 1410 4869 boule
1429 4824 1458 4869 ta
1476 4833 1490 4867 s
1509 4813 1722 4867 machinacemi

258 4918 276 4952 v
294 4901 433 4954 kancelafi
452 4902 519 4954 desk
538 4904 697 4971 zemslry'eh,
714 4902 789 4970 jiehi
808 4903 882 4957 obetl
902 4922 932 4956 se
951 4905 1003 4957 stal
1022 4922 1042 4956 r.
1063 4904 1128 4955 1491
1148 4903 1275 4957 Viktorin
1294 4919 1326 4956 ze
1346 4902 1462 4965 Vsehrd,
1482 4901 1508 4954 ei
1528 4899 1653 4954 utlaii-li
1673 4901 1721 4954 list

259 4994 336 5040 tento
354 5005 371 5038 v
389 4988 456 5040 fadu
481 4989 545 5041 listn
564 4990 797 5058 Bohuslavovych
823 4991 873 5044 zl.
893 4990 1073 5054 lbos-1506,
1093 4992 1168 5045 litere
1187 4990 1273 5059 ty'lrajl
1297 5007 1328 5043 se
1351 4987 1515 5042 zanadneho
1537 4987 1657 5055 jedndnl
1677 4987 1720 5041 Pi-

257 5071 343 5126 brova
367 5073 573 5144 spllbuzny'mi
597 5092 632 5129 ve
657 5077 810 5140 Frankdch,
836 5079 978 5132 neumime
1000 5079 1059 5132 ilci.
1091 5079 1196 5132 Ovsem
1221 5078 1267 5131 list
1290 5076 1338 5145 byl
1362 5075 1468 5145 napsftn
1493 5074 1560 5142 pled
1582 5073 1720 5129 biennem

259 5175 282 5212 r.
301 5157 378 5222 1505,
398 5159 453 5229 lrdy
471 5161 566 5215 Luktt
584 5163 696 5217 zemfel.
