3696 5836
827 394 921 457 1505.
1549 395 1601 450 153

146 611 280 670 minime
303 627 356 671 me
377 609 550 685 fefellerint,
574 620 606 671 et
628 607 718 689 quod
739 628 791 670 res
813 619 887 670 tuae
917 608 1022 670 felices
1051 608 1122 670 sint.
1152 606 1271 688 Atque,
1294 620 1329 672 ut
1352 621 1462 689 aperte
1494 609 1601 685 fatear,

146 713 264 787 omnia,
287 732 371 792 quae
393 714 547 776 hactenus
577 713 747 775 machinati
774 732 894 787 sumus
925 714 1061 774 arbitror
1083 732 1168 774 nunc
1191 714 1329 792 primum
1351 712 1473 775 radices
1496 734 1602 796 agere,

146 835 310 897 speroque
333 816 431 895 paulo
454 829 529 896 post
550 817 689 879 firmiora
713 816 825 891 futura,
850 836 949 895 quam
972 825 1006 879 ut
1029 817 1170 879 subverti
1192 829 1289 897 atque
1312 817 1446 879 convelli
1469 819 1601 896 possint.

146 919 241 1000 Quae
264 920 306 982 de
329 923 511 1002 propinquo
540 935 597 984 tuo
628 920 802 983 Valentino
832 922 950 996 scribis,
981 940 1076 982 curae
1103 921 1177 982 mihi
1200 933 1300 996 erunt,
1331 932 1361 982 et
1386 923 1439 983 ubi
1463 924 1599 1000 primum

147 1027 278 1106 copiam
308 1024 452 1086 avunculi
484 1028 546 1087 mei
579 1036 691 1087 nactus
727 1025 823 1099 fuero,
855 1045 920 1087 non
952 1026 1108 1088 dubitabo
1144 1027 1231 1086 omni
1263 1025 1423 1107 diligentia
1454 1029 1538 1101 eniti,
1567 1039 1601 1088 ut

147 1129 310 1191 desiderio
333 1139 391 1190 tuo
414 1129 554 1191 satisfiat.
577 1128 672 1211 Degit
696 1132 721 1191 is
742 1132 775 1191 111
799 1132 978 1210 praesentia
1003 1129 1090 1209 apud
1114 1129 1273 1202 Moravos
1304 1149 1409 1209 neque
1432 1150 1526 1209 spero
1549 1151 1601 1191 me

147 1235 189 1309 id,
204 1232 295 1315 quod
318 1235 416 1313 cupis,
433 1252 490 1313 per
512 1234 616 1295 literas
639 1233 794 1296 conficere
818 1254 922 1313 posse.
945 1232 1125 1295 Adiicerem
1149 1234 1196 1296 his
1219 1234 1316 1314 plura,
1339 1237 1364 1294 si
1388 1234 1482 1295 tude
1505 1235 1601 1296 rebus

147 1338 363 1423 Pragensibus
393 1341 559 1420 quippiam
582 1339 623 1401 ad
646 1359 699 1400 me
722 1340 908 1417 scripsisses
943 1335 1113 1401 Caeterum
1145 1358 1210 1399 non
1233 1348 1299 1399 tam
1323 1340 1460 1399 recentia
1483 1340 1600 1407 scribis,

146 1464 245 1525 quam
270 1446 376 1524 priora
405 1464 544 1515 revocas,
574 1443 661 1506 unde
691 1444 733 1519 fit,
758 1456 792 1505 ut
815 1442 935 1505 nullam
959 1445 1118 1505 literarum
1147 1446 1311 1505 materiam
1333 1443 1480 1519 habeam,
1504 1457 1601 1526 atque

146 1547 222 1610 ideo
245 1560 352 1610 tacere
375 1568 479 1631 cogar.
504 1547 593 1611 Vale.
616 1547 669 1608 Ex
693 1547 914 1627 Hassensteyn
941 1548 988 1611 15.
1013 1547 1215 1610 Novembris,

233 1737 426 1791 Pokratovanl
444 1755 462 1789 v
480 1736 643 1803 zahadnrch
663 1736 858 1789 machinaclch
879 1735 951 1789 obou
971 1736 1066 1805 platel
1082 1736 1156 1802 jiehi
1175 1736 1304 1805 podstaty
1323 1738 1467 1799 1111111111,
1486 1738 1531 1790 ani
1550 1738 1600 1806 pii-

145 1825 277 1878 buzneho
295 1823 415 1877 Pibrova
432 1824 589 1890 Valentina.
620 1824 701 1892 Stry'e
720 1824 898 1877 Bohuslavrlv
918 1842 934 1875 v
953 1824 1014 1876 liste
1040 1825 1160 1891 doteeny'
1181 1823 1236 1891 jest
1253 1825 1301 1893 Jirt
1320 1824 1480 1893 Vserubslry'
1500 1829 1515 1877 1
1534 1827 1600 1879 Gut·

146 1912 238 1966 steina
256 1912 359 1980 (srovn.
377 1911 423 1964 list
442 1911 510 1978 124),
533 1910 611 1978 ktery'
635 1911 768 1979 zpitsobiv
792 1929 812 1963 r.
833 1910 1249 1979 1505vzp0uru‚vypr0da1se
1274 1899 1383 1964 zCech
1408 1929 1425 1965 a
1447 1915 1599 1981 vypovtdiel

146 2001 207 2052 cele
226 1998 299 2053 zemi
318 1999 399 2051 1111111
421 1998 553 2065 (Palaclry'
572 1996 606 2061 V,
626 1997 720 2065 281).
747 1999 818 2066 Spor
838 1997 905 2065 jeho
929 1998 1037 2051 ulrlizen
1063 2015 1099 2050 na
1123 1998 1205 2050 konci
1228 1999 1311 2051 tehoi
1334 2001 1410 2063 roim,
1430 2000 1540 2053 nevlme
1565 2019 1600 2053 na

143 2087 238 2153 jakem
256 2085 370 2139 zaklade
388 2084 501 2153 (ibidem
521 2084 573 2152 94).

845 2368 914 2430 119.

570 2521 789 2596 Bohuslav
812 2523 964 2617 Janovi
992 2547 1015 2595 z
1044 2522 1185 2620 Pibry.

236 2710 425 2770 21118111111111
443 2713 535 2778 (15115)
550 2741 580 2750 -
594 2712 639 2768 ³⁰.
654 2712 707 2768 list.
727 2713 818 2766 Posila
837 2713 956 2782 latinslql
970 2714 1057 2767 nllvrh
1077 2713 1140 2767 listu
1159 2713 1274 2781 11111111,
1288 2715 1321 2766 ab
1341 2714 1433 2777 nerad,
1448 2715 1598 2782 ponevadi‚

145 2800 192 2868 jak
213 2798 302 2869 mysli‚
321 2798 501 2868 ptibuznemu
518 2798 583 2865 jeho
602 2817 618 2852 a
637 2800 695 2853 cele
714 2801 810 2854 rodine
829 2801 890 2854 vice
910 2801 945 2869 by
964 2819 993 2854 se
1013 2801 1077 2864 libii,
1097 2801 1150 2852 kdo
1173 2800 1209 2869 by
1228 2819 1261 2854 ve
1280 2801 1456 2859 valetnictvl.
1476 2801 1527 2854 nei
1546 2801 1600 2854 lrdo

148 2887 186 2956 by
198 2905 234 2940 ve
246 2886 353 2939 11111111
373 2886 494 2955 vynilral.
512 2886 589 2949 Radi,
609 2886 663 2955 aby
682 2887 873 2956 kpiibuzny'm
894 2907 923 2941 se
943 2889 1104 2957 nevydaval,
1118 2887 1208 2940 dolrud
1228 2887 1361 2956 smy'slenl
1377 2886 1461 2955 jejich
1475 2889 1599 2955 pisemne

148 2975 240 3038 nezul,
258 2973 312 3042 aby
331 2974 414 3027 misto
433 2973 470 3027 eti
488 2991 505 3027 a
523 2974 601 3042 slavy
617 2974 762 3026 nedodelal
781 2992 811 3027 se
830 2973 932 3042 hanby.
951 2975 1109 3044 Odporoudl
1128 2974 1230 3042 tajnost
1248 2992 1264 3027 a
1284 2982 1434 3042 opatrnost.
1454 2974 1600 3027 Ponevadl

147 3061 179 3124 ti,
195 3060 263 3128 jimt
282 3062 317 3114 od
329 3060 487 3114 Bohuslava
499 3063 550 3114 vec
564 3060 682 3114 Pibrova
700 3061 764 3130 byla
783 3065 907 3124 avelena,
920 3062 1002 3115 t'rlrolu
1022 3061 1167 3124 nedostali,
1180 3069 1267 3115 nutno
1286 3063 1335 3129 pry'
1354 3061 1504 3131 nastoupiti
1521 3061 1599 3128 jinou

148 3157 238 3202 cestu.
256 3149 335 3215 (Luc.
354 3147 406 3201 118
414 3149 446 3216 b.)

234 3325 350 3408 Joanni
372 3325 415 3388 de
437 3325 528 3387 Pibra
552 3344 575 3386 5.
600 3346 629 3404 p.
653 3326 683 3387 d.
707 3326 798 3388 Parui
826 3325 986 3388 desiderio
1009 3339 1075 3401 tu0,
1099 3338 1129 3388 et
1152 3326 1318 3406 exemplar
1346 3326 1500 3404 epistolae
1524 3327 1599 3400 eius

148 3442 185 3494 ut
208 3430 341 3504 voluisti,
371 3430 507 3503 conseci;
542 3431 608 3504 sed,
639 3441 674 3491 ut
704 3442 813 3508 aperte
844 3431 952 3504 fatear,
983 3430 1160 3492 admodum
1192 3433 1314 3492 invitus.
1352 3428 1485 3491 Difficile
1515 3433 1599 3491 enim

147 3535 356 3596 vehementer
379 3546 427 3596 est
450 3535 554 3596 alieno
577 3536 745 3597 stomacho
769 3535 895 3609 dictare,
928 3538 1112 3614 praesertim
1137 3537 1189 3596 ubi
1213 3537 1247 3608 is,
1271 3535 1313 3596 ad
1337 3554 1434 3614 quem
1458 3554 1508 3595 res
1531 3553 1600 3614 per·

148 3641 238 3712 tinet,
268 3641 367 3701 abest.
406 3638 522 3718 Neque
552 3642 647 3700 etiam
680 3643 856 3701 institutum
888 3650 978 3701 tuum
1009 3641 1129 3721 prob0;
1160 3659 1271 3701 vereor
1298 3642 1390 3713 enim,
1422 3659 1462 3701 ne
1492 3639 1600 3700 literae

148 3743 266 3805 latinae
288 3741 375 3822 apud
398 3740 485 3803 illum
508 3745 725 3823 propinquum
749 3754 839 3805 tuum
870 3749 981 3816 minus,
1013 3763 1111 3822 quam
1141 3763 1260 3823 speras,
1288 3745 1406 3826 gratiae
1436 3744 1600 3804 habiturae

149 3848 220 3910 sint.
244 3846 409 3926 Quantum
424 3847 508 3908 enim
526 3850 707 3909 coniectura
731 3850 855 3926 assequi
872 3867 1013 3926 possum,
1030 3860 1176 3909 nontam
1193 3849 1354 3909 literarum
1377 3866 1475 3925 quam
1496 3865 1601 3907 rerum

149 3953 271 4029 peritus
294 3961 350 4011 est.
381 3949 446 4013 Sed
470 3952 544 4031 quia
567 3951 598 4012 id
622 3951 707 4031 apud
738 3951 851 4034 vulgus
879 3951 1043 4014 doctrinae
1073 3972 1192 4013 nomen
1223 3952 1329 4024 babet,
1353 3950 1425 4012 ideo
1455 3951 1511 4011 tibi
1540 3951 1601 4011 lor-

149 4056 232 4116 sitan
248 4066 435 4136 suggestum
450 4065 506 4130 est,
522 4068 557 4117 ut
573 4055 667 4116 latine
683 4055 724 4116 ad
741 4056 901 4117 bominem
919 4059 1044 4118 scribas.
1068 4055 1192 4134 Quodsi
1211 4057 1289 4117 alios
1305 4054 1448 4116 eiusdem
1465 4055 1600 4115 familiae

150 4162 307 4240 respicere
330 4157 413 4233 velis,
444 4178 563 4241 magno
594 4160 815 4221 contenderim
843 4164 1012 4242 gratiorem
1036 4163 1135 4222 eisin
1159 4162 1290 4224 Boemia
1318 4162 1600 4242 consanguineum,

151 4266 205 4343 qui
229 4265 325 4326 rebus
348 4265 464 4326 bellicis
494 4284 592 4344 quam
622 4268 676 4344 qui
705 4266 797 4326 literis
828 4277 975 4344 praestet,
1006 4265 1081 4327 lore.
1116 4266 1231 4345 Neque
1261 4268 1356 4326 etiam
1389 4265 1600 4344 profectionis,

151 4388 250 4449 quam
273 4368 418 4443 intendis
441 4369 584 4431 laborem
608 4382 639 4431 te
661 4371 767 4430 subire
798 4370 899 4442 velim,
928 4371 984 4429 nisi
1016 4372 1129 4431 animis
1159 4390 1270 4431 eorum
1301 4371 1388 4449 prius
1418 4388 1474 4447 por
1497 4369 1601 4429 literas

151 4472 336 4553 exploratis,
359 4472 426 4535 Scis
449 4476 542 4548 enim,
563 4474 640 4555 quid
664 4475 790 4535 cuidam
815 4478 913 4536 nostri
936 4476 1055 4536 ordinis
1078 4478 1209 4557 contigit
1225 4477 1304 4556 (sic),
1328 4477 1382 4553 qui
1406 4474 1599 4534 Florentiam

152 4596 236 4655 pene
259 4575 350 4639 simili
373 4577 414 4638 de
436 4598 532 4639 causa
559 4579 720 4657 proiectus
751 4591 805 4640 est.
842 4579 931 4641 llaec
958 4580 999 4640 ad
1023 4591 1053 4641 te
1077 4582 1143 4640 sine
1167 4579 1235 4640 ullis
1266 4580 1456 4660 ambagibus
1486 4578 1600 4652 scrib0,

151 4683 215 4760 qui,
239 4693 273 4743 ut
295 4680 395 4763 gloria
418 4682 606 4763 honoreque
630 4694 686 4744 tuo
709 4682 860 4757 delector,
884 4686 934 4755 ita,
957 4688 981 4744 si
1007 4704 1057 4744 res
1080 4704 1180 4757 secus,
1212 4703 1308 4763 quarn
1333 4703 1506 4761 speramus,
1529 4702 1600 4743 eve·

151 4787 241 4860 nent,
268 4787 442 4868 ignominia
472 4797 527 4848 tua
557 4808 617 4866 pro
649 4808 728 4863 mea,
752 4808 815 4867 qua
839 4801 870 4849 te
901 4788 1105 4867 complector,
1137 4789 1357 4849 benevolentia
1385 4807 1452 4849 non
1482 4788 1601 4849 offendi

152 4908 219 4951 non
249 4908 389 4968 possem,
423 4891 616 4971 mallemque
648 4892 726 4953 baec
757 4895 871 4965 omnia,
902 4912 961 4970 pro
993 4894 1109 4970 quibus
1143 4893 1353 4967 elaboramus
1387 4892 1483 4953 dubia
1514 4892 1600 4971 apud

151 5005 282 5056 nostros
311 5013 449 5070 manere,
480 5015 576 5074 quam
605 4998 636 5055 in
660 4996 849 5058 deteriorem
880 5008 1002 5076 partem
1034 4996 1198 5058 declinare.
1235 4997 1365 5058 Possem
1396 4997 1444 5058 his
1471 5009 1503 5059 et
1525 4997 1602 5057 alias

152 5118 268 5160 causas
290 5098 418 5174 addere,
441 5101 498 5162 sed
523 5121 588 5161 non
611 5112 746 5181 possunt
770 5104 877 5163 onmia
901 5114 969 5163 tuto
993 5102 1088 5162 literis
1111 5104 1274 5163 committi.
1298 5101 1395 5180 Quod
1419 5114 1526 5163 autem
1548 5103 1603 5162 tibi

152 5204 283 5265 minime
305 5206 455 5282 praestiti,
479 5224 563 5284 quae
594 5206 781 5266 iamdudum
813 5207 970 5285 pollicitus
1000 5225 1080 5279 sum,
1103 5225 1167 5267 non
1193 5227 1265 5267 mea
1288 5207 1381 5287 culpa
1412 5206 1524 5268 accidit
1547 5206 1604 5267 sed

151 5308 285 5384 illorum,
309 5310 426 5390 quibus
448 5309 481 5371 id
505 5313 666 5392 negotium
691 5332 709 5371 a
733 5330 784 5371 me
808 5311 919 5373 datum
942 5322 998 5371 cst.
1030 5311 1140 5390 ltaque
1164 5332 1248 5374 ntmc
1277 5312 1346 5373 aliis
1369 5312 1506 5373 consiliis
1530 5313 1604 5372 milri
