3660 5850
186 371 221 424 ts
863 369 952 428 1497.

183 596 240 646 est.
263 583 345 646 Nam
369 595 400 646 et
424 582 513 645 Plato
536 583 609 645 ideo
632 581 804 662 Cyrenaeis
827 586 912 663 leges
935 584 1061 646 tradere.
1077 587 1240 659 recusavit,
1264 584 1354 665 quod
1370 604 1429 646 eos
1444 583 1527 645 adeo
1542 584 1627 645 malis

184 689 327 751 moribus
349 688 542 769 depravatos
571 690 774 762 existimaret,
805 700 839 751 ut
867 708 1032 768 nunquam
1063 690 1124 751 sub
1154 690 1279 771 legibus
1305 691 1414 751 victuri
1445 689 1628 751 viderentur.

183 793 224 856 Et
246 793 333 855 Zeno
357 794 483 867 stoicus,
513 795 538 855 si
562 793 638 873 quid
662 792 847 873 impedierit,
878 812 943 855 non
966 804 1058 872 putat
1081 793 1122 855 ad
1147 793 1379 872 rempublicam
1401 792 1627 855 accedendum.

184 898 299 978 Neque
321 897 444 971 desunt,
474 900 527 977 qui
550 894 710 960 Christum
734 917 867 978 quoque
889 897 1056 959 dominum
1081 897 1153 958 ideo
1177 916 1412 977 nonnunquam
1435 917 1454 958 a
1477 896 1628 959 miraculis

182 1003 398 1085 prodigiisque
421 1020 545 1063 cessare
568 1001 734 1076 affirmant,
759 1003 848 1082 quod
871 1002 946 1063 nihil
970 1001 1111 1064 utilitatis
1133 1001 1265 1064 allatura
1288 1013 1405 1064 essent
1434 1000 1528 1064 Dicet
1550 1020 1628 1063 nunc

183 1107 309 1188 aliquis:
333 1119 409 1169 tune
432 1116 550 1168 statum
573 1105 730 1167 eiusmodi
753 1117 783 1168 et
806 1109 977 1186 episcopos
1001 1106 1233 1186 reprehendere
1256 1115 1289 1167 et
1311 1117 1401 1168 tanto
1419 1105 1586 1186 parricidio
1600 1115 1629 1166 te

183 1211 348 1289 inquinare
371 1208 490 1270 audes?
513 1209 652 1281 Minime,
676 1209 733 1270 sed
758 1212 845 1271 omni
862 1211 948 1272 cultu
964 1224 1061 1292 atque
1077 1213 1282 1272 veneratione
1297 1210 1503 1293 dignissimos
1518 1208 1628 1281 iudico,

183 1333 299 1394 nempe
322 1334 405 1394 quos
426 1325 571 1394 pastores
593 1316 772 1375 animarum
795 1326 977 1377 nostrarum
1000 1335 1071 1377 esse
1093 1326 1126 1375 et
1148 1315 1370 1395 apostolorum
1393 1314 1504 1376 locum
1526 1325 1629 1375 tenere

182 1420 265 1492 scio;
295 1437 368 1479 nam
392 1429 423 1478 et
446 1417 562 1479 Paulus
585 1421 806 1498 episcopatum
831 1421 953 1481 bonum
976 1439 1060 1499 opus
1083 1431 1187 1481 vocat.
1225 1417 1375 1482 Cetemm
1399 1421 1426 1481 si
1447 1420 1528 1498 quis,
1550 1437 1630 1498 quae

184 1522 268 1583 idem
291 1525 321 1583 in
345 1525 498 1603 episcopo
521 1524 628 1603 exigit,
658 1525 690 1583 in
716 1543 751 1584 se
773 1526 876 1598 sentit,
907 1543 972 1585 non
1004 1523 1104 1585 modo
1134 1521 1340 1585 dissuadente
1369 1541 1421 1583 me
1452 1521 1511 1583 sed
1541 1522 1630 1601 plane

184 1626 331 1689 hortante
355 1638 450 1706 atque
473 1625 670 1688 admonente
700 1638 822 1690 tantam
852 1631 1049 1707 provinciam
1077 1625 1183 1689 multis
1210 1627 1303 1689 saluti
1326 1627 1449 1688 futurus
1472 1629 1631 1705 suscipiat:

182 1749 243 1811 ego
267 1750 350 1801 vero,
381 1733 434 1811 qui
458 1730 682 1791 imbecillitatis
712 1731 805 1791 michi
837 1734 988 1812 imprimis
1018 1734 1165 1794 conscius
1187 1750 1267 1807 sum,
1291 1730 1467 1793 humillima
1488 1749 1633 1811 quaeque

183 1836 276 1897 miclti
300 1837 455 1897 tutissima
478 1837 628 1896 existimo
651 1854 716 1896 non
740 1838 909 1897 immemor
932 1836 1013 1898 illius
1036 1838 1163 1908 iuvenis,
1194 1837 1257 1915 qui,
1281 1845 1316 1896 ut
1339 1847 1387 1897 est
1410 1834 1499 1914 apud
1522 1833 1633 1896 Hiero

183 1956 334 2017 nymnm,
360 1940 428 2000 seni
461 1938 596 2011 cuidam,
630 1943 719 2000 cuius
752 1942 941 2001 auctoritate
976 1940 1017 2000 ab
1049 1942 1236 2019 episcopatu
1267 1938 1437 2001 deterritus
1470 1949 1529 2013 est,
1563 1950 1634 2019 post

184 2054 318 2105 mortem
350 2046 495 2122 apparuit
524 2045 640 2125 gratias
667 2063 767 2126 agens
796 2055 828 2105 et
859 2063 894 2104 se
924 2063 1109 2105 asseverans
1132 2045 1264 2105 omnino
1287 2041 1509 2104 damnandum
1532 2042 1634 2117 luisse,

183 2149 241 2208 nisi
264 2169 283 2208 a
306 2147 470 2226 pontificio
493 2147 616 2209 honore
638 2148 835 2211 abtinuissct.
859 2147 891 2211 Si
915 2150 986 2228 quis
1008 2158 1115 2209 autem
1140 2167 1158 2207 a
1181 2166 1233 2208 mc
1256 2149 1388 2227 quaerit,
1411 2166 1468 2208 cur
1484 2147 1526 2208 ab
1550 2147 1633 2207 initio

183 2250 481 2331 periculosissimum
506 2249 568 2312 hoc
590 2251 716 2312 culmen
747 2269 813 2313 non
837 2253 1012 2323 abnuerim,
1043 2254 1120 2313 sciat
1152 2253 1178 2313 is
1208 2253 1249 2312 ita
1280 2270 1332 2312 me
1363 2251 1425 2312 hoc
1455 2253 1634 2312 universum

183 2366 309 2435 tempus
332 2355 519 2425 traduxisse,
543 2365 577 2416 ut
609 2356 729 2417 nullum
752 2360 783 2417 in
807 2375 859 2416 me
881 2354 1062 2433 cupiditatis
1085 2366 1116 2417 ct
1139 2355 1323 2417 ambitionis
1346 2354 1496 2416 indicium
1526 2354 1635 2434 depre

184 2458 279 2520 ltcndi
302 2461 450 2537 potuerit,
473 2462 562 2520 cuius
585 2463 627 2520 rei
651 2479 765 2522 omnes
788 2470 886 2521 testes
910 2458 1024 2531 habco,
1048 2461 1101 2538 qui
1125 2478 1253 2521 mecum
1276 2458 1468 2521 familiariter
1482 2460 1635 2532 rixemnt,

184 2566 357 2642 pariturum
380 2574 487 2625 tamen
511 2563 605 2626 fuisse
628 2567 783 2625 maiorum
808 2567 995 2644 praeceptis,
1019 2563 1152 2643 quando
1174 2562 1285 2624 Esaias
1307 2582 1439 2643 quoque
1462 2584 1481 2624 a
1504 2563 1635 2624 domino

184 2679 317 2729 vocotus
351 2686 416 2728 non
448 2668 600 2729 dubitavit
624 2668 746 2730 dicere:
774 2668 874 2730 »Ecce
897 2688 975 2749 ego:
1000 2670 1089 2730 mitte
1112 2687 1199 2740 mc‹;
1229 2680 1261 2730 et
1281 2667 1380 2749 Jonas
1411 2667 1486 2729 ideo
1516 2686 1637 2747 poenas

185 2771 282 2845 dedit,
298 2771 387 2851 quod
411 2772 453 2833 ad
469 2773 631 2846 Ninivitas,
654 2783 690 2833 ut
714 2775 818 2834 iussus
841 2784 916 2845 crat,
933 2772 1088 2852 profisisci
1112 2772 1216 2834 nollet.
1243 2770 1357 2852 Neque
1380 2791 1432 2833 me
1455 2771 1520 2833 ulla
1543 2790 1638 2852 prop·

186 2887 270 2938 terea
293 2878 468 2958 ignominia
498 2889 530 2937 et
559 2876 632 2938 labe
661 2896 827 2956 aspersum
854 2896 934 2950 reor,
958 2896 1031 2939 cum
1054 2889 1085 2938 et
1108 2875 1264 2939 Cathonis
1286 2875 1429 2955 repulsas
1452 2876 1586 2959 legerim
1607 2886 1638 2936 et

185 2993 293 3044 nostra
323 2984 419 3044 etiam
449 2992 554 3042 aetate
585 2981 760 3043 multorum
787 3000 899 3063 regum
930 2994 1027 3062 atque
1054 2983 1232 3061 principum
1262 2980 1304 3042 ad
1336 2983 1440 3043 maius
1470 2982 1637 3061 imperium

184 3088 390 3167 aspirantium
412 3105 487 3165 spes
509 3086 597 3147 elusa
619 3098 684 3158 est;
707 3105 812 3165 neque
835 3089 865 3147 in
882 3105 988 3146 meam
1004 3085 1231 3147 contumeliam
1247 3084 1366 3147 sactum
1382 3085 1526 3157 arbitror,
1550 3083 1640 3166 quod

183 3190 314 3253 ecclesia
336 3188 560 3252 Olomucensis
583 3190 633 3252 alii
656 3193 828 3251 commissa
851 3203 907 3252 est.
932 3189 1016 3251 Male
1039 3193 1124 3250 enim
1147 3210 1182 3251 se
1205 3208 1254 3252 res
1269 3190 1410 3261 haberet,
1433 3191 1459 3252 si
1476 3189 1571 3250 michi
1586 3191 1640 3250 uni

185 3295 327 3357 ‚lloravia
349 3296 543 3365 inniteretur;
574 3294 632 3355 sed
655 3293 782 3377 gaudeo
805 3293 970 3374 laetorque
1002 3296 1164 3356 intentum
1195 3314 1266 3356 esse
1293 3294 1555 3377 gubernatorem,
1586 3295 1641 3373 qui

185 3402 281 3461 tantis
303 3398 452 3461 fluctibus
474 3410 572 3479 atque
594 3399 750 3478 procellis,
782 3399 900 3478 quibus
922 3399 973 3459 illa
996 3400 1085 3459 natio
1107 3402 1256 3478 quatitur,
1283 3399 1377 3459 obiici
1400 3401 1513 3477 possit
1553 3396 1640 3459 Nam

185 3515 217 3565 et
241 3503 414 3565 Pedaretus
443 3503 605 3586 gaudebat
633 3505 767 3585 patriam
798 3515 957 3564 trecentos
983 3520 1018 3563 se
1049 3502 1196 3564 meliores
1223 3502 1350 3564 habere.
1383 3500 1510 3581 Quodsi
1542 3502 1644 3563 libere

185 3608 272 3689 loqui
296 3609 342 3669 las
365 3622 421 3677 est,
438 3608 532 3677 malo,
554 3619 587 3669 ut
612 3611 765 3669 mirentur
787 3610 917 3686 posteri,
933 3627 989 3669 cur
1005 3606 1186 3668 Bohuslaus
1201 3626 1267 3668 non
1283 3609 1323 3669 sit
1338 3606 1443 3668 lactus
1457 3609 1643 3687 episcopus

187 3731 283 3792 quam
307 3731 363 3773 cur
385 3712 527 3792 plerique
551 3715 620 3775 sint.
645 3711 736 3774 Vale.

272 3865 334 3917 List
357 3868 454 3933 patrue
481 3867 549 3934 psrln
574 3882 595 3918 r.
622 3864 696 3921 l-llli,
721 3865 775 3934 kdy
801 3882 836 3916 na
854 3865 945 3917 stolici
974 3863 1142 3931 bislrupslrou
1168 3880 1185 3914 v
1209 3863 1357 3915 Olomouci
1386 3863 1513 3915 konecne
1542 3863 1643 3916 dosedl

186 3952 325 4005 Stanislar
343 3952 443 4005 Turro.
469 3952 595 4020 Jedntlno
613 3969 630 4004 o
649 3952 781 4004 dosazeni
803 3952 869 4018 jeho
887 3951 953 4019 bylo
971 3969 988 4002 v
1007 3940 1086 4003 llime
1108 3950 1145 4018 jii
1164 3967 1186 4002 r.
1205 3949 1282 4013 1496,
1297 3949 1344 4017 jak
1362 3949 1497 4016 dolrazuje
1515 3949 1564 4002 list
1584 3950 1643 4003 lrnl·

186 4039 282 4107 lorslq'·
301 4057 333 4092 ze
351 4040 405 4091 dne
428 4037 467 4091 tu.
480 4038 562 4091 ledna
583 4037 649 4090 luit
668 4039 703 4092 ku
722 4039 841 4107 kapitole
861 4039 939 4106 ,neni
958 4055 975 4088 r
988 4037 1049 4105 kap.
1068 4039 1144 4090 arch.
1163 4038 1273 4091 Oloml.
1291 4054 1309 4087 v
1322 4036 1403 4089 nemi
1421 4035 1496 4103 stoji,
1511 4035 1545 4088 ie
1565 4038 1643 4105 novy

186 4125 285 4194 biskup
302 4127 435 4195 spromal
453 4143 483 4179 se
499 4126 536 4193 jit
556 4144 569 4178 s
588 4127 758 4179 kardintllem
778 4127 908 4193 Borgiou‚
927 4143 943 4177 a
962 4126 993 4177 ie
1012 4142 1029 4176 v
1048 4125 1154 4193 ptitine
1172 4125 1200 4176 te
1219 4123 1285 4177 nenl
1303 4123 1391 4176 itdne
1410 4122 1551 4192 ptelrrlilry
1569 4124 1644 4177 vice.

188 4212 198 4266 l
218 4229 233 4265 z
252 4214 315 4266 listu
334 4215 400 4265 toho
425 4214 607 4266 krilovskeho
626 4213 633 4264 i
653 4230 668 4266 z
686 4214 750 4266 listu
775 4213 880 4265 nabebo
899 4213 1016 4280 rysvita.
1035 4211 1145 4265 ackoliv
1164 4211 1305 4263 Bohuslav
1323 4227 1340 4262 o
1358 4217 1417 4263 torn
1443 4210 1531 4264 mluvi
1551 4210 1644 4264 velice

187 4305 312 4369 opatme,
331 4300 363 4353 le
381 4301 478 4369 penlze
497 4300 637 4353 bohatelro
656 4310 719 4353 otce
738 4300 933 4352 stanislai-ora
951 4317 968 4350 v
987 4300 1091 4367 plicine
1109 4299 1137 4351 te
1156 4299 1267 4367 zmohly
1286 4296 1403 4365 nejvlce.

885 4549 936 4609 til.

525 4668 745 4741 Bohuslav
772 4665 945 4739 Petrovi
972 4689 995 4737 z
1024 4665 1303 4738 Roimberka.

273 4823 352 4887 (llST
366 4852 397 4859 -
411 4837 447 4877 tt!
465 4823 600 4887 silentiu.)
628 4822 719 4873 Posilrl
742 4839 760 4871 s·
779 4819 887 4889 podobe
915 4820 980 4872 listu
1004 4820 1124 4872 nauceni
1142 4836 1159 4871 o
1177 4828 1245 4875 tom.
1265 4818 1359 4870 kteralr
1381 4816 1495 4885 jakoito
1515 4818 1647 4888 nejvyssi

187 4910 311 4977 hejtman
325 4910 474 4962 kra'lorstti
487 4910 609 4962 deskeho
622 4909 690 4962 titad
702 4908 762 4976 srdj
776 4907 871 4960 konati
885 4907 921 4975 by
935 4907 997 4959 mel.
1023 4907 1092 4974 Rkp.
1105 4906 1242 4958 Klement.
1255 4904 1340 4957 xvtt
1352 4904 1387 4957 D.
1399 4902 1443 4957 38.
1456 4904 1503 4958 tot
1515 4904 1648 4973 57-81.)

276 5068 442 5130 llolrutlnu·
472 5090 488 5128 z
515 5068 709 5130 Lobkouicz
739 5089 758 5129 a
787 5090 803 5129 z
837 5067 1054 5144 llat‘entleynu
1085 5065 1390 5126 welikomocznemu
1425 5067 1522 5143 muiy
1555 5085 1647 5145 panu

190 5172 323 5232 Petroni
340 5194 355 5231 z
372 5172 582 5233 llozcnbcrlra
599 5173 813 5253 krdloutluijc
829 5170 997 5233 l'zetlrelro
1020 5169 1196 5247 ltaytmanu
1212 5167 1445 5248 pozdrau·enije
1460 5167 1648 5252 wzlrazuge.

185 5277 264 5358 Jaki
296 5278 361 5361 getl
392 5296 523 5357 uarpru·
558 5278 645 5340 tobie
667 5300 689 5338 o
712 5281 792 5338 zcmi
825 5292 896 5338 tuto
930 5280 1045 5357 peecie
1072 5276 1259 5355 poruciena,
1293 5271 1386 5333 chtiel
1418 5271 1481 5333 lem
1514 5276 1648 5336 nietczo
