3660 5850
195 399 245 452 114
872 394 961 453 1507.

191 615 364 691 sciamque,
389 614 419 672 in
442 631 506 692 qua
530 622 619 690 parte
643 631 694 672 me
717 610 875 672 excedere
898 608 989 671 velis:
1013 620 1101 670 tanta
1124 621 1232 669 tamen
1255 609 1348 686 copia
1368 624 1531 667 novorum
1554 617 1643 666 auto

190 736 260 779 rum
284 737 321 777 ac
344 735 464 790 eorum,
488 736 570 796 quos
587 716 641 777 tibi
664 735 722 794 per
738 715 779 777 25
794 733 897 776 anuos
920 715 998 788 misi,
1021 713 1194 793 aliquando
1217 732 1270 774 me
1284 712 1419 774 dubium
1436 712 1643 791 insciumque,

190 820 266 901 quid
291 821 366 882 mihi
390 819 550 902 agendum
574 821 621 895 sit,
644 819 791 882 reddunt.
815 818 923 899 Quare
947 820 972 881 si
995 819 1051 881 tibi
1075 838 1113 880 ac
1135 817 1210 879 milri
1233 837 1301 879 rem
1323 827 1449 900 gratam
1473 817 1577 878 facere
1591 834 1643 876 vo

189 926 292 1000 lucris,
320 925 368 987 fac
391 928 569 1000 resciscam,
596 945 679 1004 quos
701 924 799 985 libros
821 925 950 998 lrabeas,
978 942 1126 1005 quosque
1148 923 1267 985 habere
1288 922 1375 984 velis.
1406 921 1538 984 Nollem
1561 922 1644 982 enim

189 1049 265 1092 meo
287 1049 330 1091 ex
351 1029 458 1093 studio
481 1031 536 1092 tibi
559 1028 761 1111 obsequendi
782 1029 912 1108 aliquod
940 1028 1182 1090 incommodum
1206 1029 1307 1090 nasci:
1330 1038 1403 1089 utar
1429 1027 1645 1100 nihilominus,

189 1153 249 1214 pro
271 1155 345 1198 meo
369 1139 436 1198 iure
459 1149 579 1217 tuaque
601 1133 773 1208 voluntate,
796 1133 945 1195 facultate
968 1133 1042 1194 mihi
1067 1134 1098 1194 in
1122 1133 1207 1195 libris
1230 1131 1374 1194 emendis
1396 1133 1457 1194 abs
1472 1142 1506 1193 te
1521 1131 1645 1205 tradita,

188 1250 286 1319 atque
309 1243 333 1301 si
357 1259 423 1302 non
446 1239 626 1312 inhibueris,
650 1238 745 1300 etiam
769 1238 891 1312 abutar,
915 1238 1068 1318 quoniam
1092 1238 1134 1298 ita
1149 1256 1243 1318 agere
1265 1255 1319 1298 me
1341 1238 1441 1299 iubes.
1457 1235 1645 1299 Guntherus

189 1343 230 1405 de
253 1343 338 1405 bello
361 1344 547 1427 Lygustico,
579 1362 675 1424 quem
706 1341 905 1425 Lygurinum
928 1341 1099 1422 appellant,
1130 1361 1202 1403 mea
1231 1361 1269 1403 ac
1299 1340 1436 1403 aliorum
1466 1360 1577 1420 opera,
1604 1360 1645 1403 ne

189 1448 300 1510 saltem
323 1451 449 1528 penitus
472 1450 597 1527 periret,
630 1449 830 1526 impresseris
853 1466 929 1508 vero
952 1448 1071 1508 incuria
1094 1447 1169 1509 satis
1192 1445 1356 1520 mendose,
1389 1456 1424 1507 ut
1447 1444 1582 1507 forsitan
1603 1444 1646 1506 le·

188 1553 267 1633 gisti,
294 1553 467 1630 impressus
490 1565 553 1615 est:
585 1554 608 1614 si
633 1563 666 1613 tu
691 1570 750 1629 pro
773 1562 882 1613 nostra
906 1552 1116 1631 omniumque
1142 1549 1380 1613 Germanorum
1403 1551 1505 1634 gloria
1528 1559 1646 1613 actua

187 1654 366 1718 eruditione
399 1675 474 1719 eum
509 1656 705 1730 emendares,
736 1674 802 1716 rem
833 1655 928 1716 nobis
958 1656 1217 1737 gratiosissimam
1242 1655 1376 1729 faceres;
1409 1653 1530 1737 dignus
1560 1655 1646 1715 enim

188 1761 283 1822 nobis
305 1762 390 1821 visus
420 1774 475 1836 est,
507 1763 560 1840 qui
584 1773 672 1822 tuaru
696 1760 813 1821 subiret
836 1778 1011 1820 censuram.
1046 1758 1095 1820 De
1117 1771 1274 1839 apparatu
1297 1758 1369 1822 belli
1391 1779 1430 1821 ac
1453 1761 1646 1821 nostratium

188 1866 321 1926 transitu
344 1867 374 1926 in
399 1864 520 1926 ltaliam
543 1884 661 1937 vereor,
685 1883 726 1925 ne
749 1863 934 1937 multorum,
958 1876 991 1926 ut
1014 1882 1117 1943 nuper
1139 1865 1193 1924 tibi
1218 1864 1336 1942 scripsi,
1359 1865 1547 1942 expectatio
1568 1862 1648 1926 frus·

189 1979 287 2029 tretur
309 1979 378 2031 tum
402 1969 446 2029 ob
470 1970 676 2047 pecuniarum
699 1969 848 2045 inopiam,
880 1986 960 2047 quas
983 1972 992 2031 l
997 1978 1032 2028 ut
1055 1963 1152 2048 nosti)
1175 1986 1290 2028 nervos
1314 1966 1387 2028 belli
1417 1978 1546 2042 vocant,
1577 1979 1647 2030 tum

188 2074 283 2134 etiam
307 2073 350 2134 ob
374 2091 494 2146 eorum,
518 2075 572 2153 qui
595 2085 752 2152 praesunt,
776 2071 942 2150 perfidiam
965 2091 1002 2132 ac
1018 2071 1184 2155 ignaviam,
1208 2082 1277 2132 tum
1299 2091 1431 2152 quoque
1452 2072 1496 2133 ob
1513 2081 1647 2151 peccata

188 2187 304 2251 nostra,
328 2178 445 2255 quibus
468 2176 599 2238 forsitan
621 2177 793 2251 effecimus,
816 2189 850 2239 ut
873 2176 1060 2254 hypocritae
1082 2187 1215 2257 regnent
1244 2195 1340 2256 super
1366 2195 1435 2237 nos.
1469 2174 1543 2236 Hac
1565 2174 1647 2237 hora

188 2279 326 2342 intellexi
349 2279 473 2342 Lucam
495 2281 621 2342 obiisse.
651 2280 734 2343 Vale
757 2300 794 2342 ac
817 2300 869 2342 me
896 2300 977 2342 ama.
1000 2278 1148 2363 Augusta
1178 2299 1264 2342 anno
1293 2277 1402 2341 salutis
1427 2279 1522 2354 1507,
1554 2281 1648 2342 tertia

187 2382 351 2464 Septemb.

273 2571 416 2641 Zajfmavy'
435 2580 513 2626 tento
532 2591 547 2626 a
566 2573 653 2626 urdite
672 2574 812 2642 datovany
825 2574 871 2627 list
882 2573 1028 2643 poslrytuje
1047 2573 1110 2625 nim
1131 2572 1260 2626 molnost
1278 2570 1417 2633 stanoviti‚
1432 2571 1487 2640 kdy
1500 2572 1649 2625 Bohuslav

187 2674 219 2711 ze
238 2658 321 2711 studii
340 2660 426 2727 svyeh
447 2660 583 2728 itatskpch
602 2661 686 2713 domfl
706 2679 735 2714 se
755 2661 880 2715 navratil.
909 2662 1002 2714 l'ravlt
1021 2661 1184 2722 Adelmann,
1204 2659 1235 2713 le
1251 2659 1289 2728 jii
1307 2676 1342 2727 po
1360 2657 1395 2710 25
1413 2659 1453 2712 let
1471 2659 1559 2727 koupi
1579 2659 1648 2712 lmih

187 2746 374 2799 Bohuslavovi
394 2746 549 2809 obstaravft,
567 2748 642 2801 tudii
661 2748 830 2802 obstaravati
853 2749 874 2818 ji
898 2750 978 2817 polal
997 2766 1017 2801 r.
1039 2746 1114 2810 1482,
1133 2748 1247 2800 tteretro
1268 2764 1284 2799 a
1302 2756 1331 2800 to
1350 2763 1386 2798 na
1404 2745 1481 2798 zimu
1500 2746 1648 2799 Bohuslav

188 2834 223 2886 do
242 2819 317 2885 Cech
342 2851 372 2886 se
397 2834 484 2886 vratil.
515 2835 639 2887 Kronilra
657 2836 846 2899 Guntiterova,
871 2855 888 2888 v
906 2836 970 2889 listu
995 2836 1122 2898 dotdenft‚
1147 2835 1281 2887 nalezena
1305 2835 1340 2886 od
1359 2835 1472 2886 Celtesa
1496 2851 1515 2886 a
1534 2835 1649 2901 vydalna

187 2937 207 2973 r.
228 2918 294 2971 1507
313 2938 330 2972 ν
349 2921 522 2987 Augsburku.
553 2922 654 2984 Lukas,
671 2921 753 2989 jehol
779 2931 847 2977 smrt
872 2941 908 2976 na
932 2923 1014 2976 konci
1040 2923 1104 2976 listu
1129 2940 1159 2975 se
1182 2921 1346 2990 plipomlnal‚
1368 2920 1424 2989 jest
1449 2928 1533 2973 sotva
1552 2921 1648 2974 Lulral

187 3006 368 3076 Komponius,
387 3007 529 3061 sluiebnllr
548 3009 734 3073 Bohuslavdv,
753 3010 831 3079 liter?
849 3012 950 3064 zemlel
967 3010 1004 3078 jii
1023 3027 1043 3064 r.
1063 3009 1138 3062 1505.

877 3293 946 3358 145.

489 3430 708 3505 Bohuslav
736 3430 986 3505 Bernhardu
1014 3427 1337 3504 Adelmannovi.

272 3597 291 3652 2
312 3598 467 3657 llaslftttlntt
485 3600 578 3669 (1507)
594 3631 624 3641 -
637 3603 683 3659 20.
701 3601 768 3659 llil.
796 3586 898 3670 Zaluje,
917 3602 949 3655 ie
967 3602 1014 3656 talr
1033 3602 1137 3654 dlouho
1161 3618 1193 3654 ze
1215 3603 1313 3654 snemu
1332 3600 1529 3654 Kostniclreho
1548 3619 1579 3654 se
1598 3619 1645 3655 ne·

185 3686 269 3746 macl,
294 3687 336 3739 ale
362 3687 452 3750 doufa,
478 3688 509 3741 ie
534 3690 699 3743 zusnesenf
720 3689 786 3758 jeho
811 3689 902 3743 uiitek
927 3689 1022 3757 vzejde
1047 3689 1103 3752 rtsi,
1129 3689 1205 3741 lrtera
1230 3687 1311 3755 nejen
1335 3687 1371 3740 od
1389 3687 1486 3740 Turkd
1511 3690 1557 3742 ale
1580 3688 1587 3741 i
1607 3689 1643 3742 od

186 3774 347 3826 Franeouzlt
364 3774 418 3842 jest
437 3776 584 3830 ohrolena.
612 3778 741 3830 Hodnost
760 3777 901 3830 elsalslrou
924 3776 997 3845 pleje
1016 3776 1101 3844 radeji
1121 3777 1256 3829 Nemeum
1276 3773 1328 3828 nei
1346 3775 1482 3842 naduty'm
1502 3776 1643 3829 Francou·

185 3862 257 3913 zdm.
276 3861 354 3913 Prosl
373 3878 406 3915 za
424 3863 528 3932 noviny
547 3880 564 3915 ο
582 3865 691 3918 zemlch
709 3864 872 3933 zapadnfch.
892 3866 971 3933 (Luc.
991 3862 1060 3931 127.)

271 4037 456 4101 Bemhardo
480 4060 539 4102 suo
562 4039 767 4103 Adelmanno
791 4063 813 4101 s.
837 4062 867 4121 p.
891 4041 920 4102 d.
953 4038 1050 4118 Quod
1080 4050 1170 4102 tanto
1194 4052 1339 4118 tempore
1369 4060 1388 4100 a
1419 4041 1524 4120 patria
1552 4040 1640 4114 abes,

185 4140 263 4219 plus,
287 4162 383 4222 quatu
408 4143 467 4204 dici
484 4155 599 4225 potest,
623 4146 758 4208 moleste
781 4147 891 4224 patior,
914 4156 946 4206 et
961 4147 1185 4207 suavissimum
1205 4143 1279 4206 illud
1302 4145 1382 4207 iuter
1398 4164 1459 4206 nos
1474 4144 1642 4206 literarum

184 4248 412 4308 commercium
435 4252 543 4311 nescio
573 4250 743 4330 quomodo
773 4251 988 4312 intermissum
1018 4270 1090 4311 esse
1113 4261 1144 4311 et
1167 4268 1285 4330 queror
1313 4259 1345 4311 et
1373 4248 1479 4311 doleo.
1512 4246 1642 4327 Quodsi

184 4351 317 4412 calicarii
339 4354 438 4413 nostri
460 4350 679 4416 Constantiam
705 4354 784 4416 ultra
807 4374 922 4417 omnes
949 4353 1142 4416 Germaniae
1165 4353 1304 4435 populos
1327 4364 1528 4428 execrantur,
1559 4373 1642 4433 quo·

184 4458 269 4516 niam
293 4455 361 4517 dux
383 4467 480 4537 atque
507 4470 617 4520 auctor
640 4479 753 4520 eorum
784 4461 1013 4537 superstitionis
1041 4458 1101 4520 illic
1132 4460 1260 4520 meritas
1283 4476 1405 4536 poenas
1427 4456 1494 4530 luit,
1525 4459 1641 4521 iustius

184 4559 327 4638 profecto
351 4561 381 4621 id
405 4563 481 4623 milti
504 4563 607 4624 facere
637 4582 732 4642 posse
764 4562 877 4637 videor,
908 4583 1026 4642 nempe
1056 4582 1140 4642 quae
1163 4562 1382 4624 Bernhardum
1411 4581 1523 4623 meum
1550 4563 1640 4642 apud

184 4683 218 4724 se
240 4668 347 4726 nescio
371 4668 487 4745 quibus
510 4667 662 4729 illecebris
691 4667 841 4730 irretitum
871 4666 993 4729 tamdiu
1021 4668 1150 4741 detinet,
1181 4678 1216 4728 ut
1239 4666 1521 4747 quemadmodum
1552 4667 1641 4748 apud

184 4768 417 4851 Lotlrophagos
434 4770 558 4849 Ulyssis
574 4773 650 4833 socii
666 4783 696 4833 et
717 4774 836 4851 patriae
851 4784 883 4833 et
899 4774 961 4832 mei
976 4771 1094 4833 oblitus
1110 4771 1260 4832 videatur.
1285 4769 1401 4851 Neque
1417 4772 1504 4832 enim
1521 4771 1642 4835 adduci

184 4890 325 4949 possum,
348 4885 383 4934 ut
406 4874 535 4936 credam
552 4876 606 4936 tibi
623 4875 743 4947 deesse,
767 4895 905 4954 quorum
922 4895 1021 4953 opera
1043 4886 1117 4937 tuae
1133 4874 1174 4935 ad
1191 4895 1243 4935 me
1260 4875 1366 4936 literae
1385 4873 1641 4959 Norimbergam

184 4975 311 5053 perferri
334 4979 472 5057 possint;
504 4978 589 5040 malo
616 4991 724 5041 tamen
754 4980 963 5040 haecomnia
994 4981 1089 5041 cuivis
1116 4998 1232 5041 causae
1259 4978 1449 5053 adscribere,
1480 5000 1584 5061 quant
1608 4992 1640 5043 te

184 5097 257 5158 erga
282 5099 332 5139 rue
356 5093 469 5158 putare
492 5084 666 5143 remissum.
691 5082 807 5163 Neque
830 5085 914 5143 enim
937 5103 1078 5162 aequum
1101 5096 1185 5146 esset
1208 5095 1247 5157 te,
1271 5082 1349 5144 dum
1373 5083 1539 5145 desiderio
1563 5104 1640 5147 meo

184 5184 364 5244 satisfacere
387 5188 485 5263 cupis,
516 5206 534 5246 a
559 5188 690 5265 publicis
721 5188 857 5249 consiliis
880 5187 1004 5248 abduci.
1039 5188 1118 5250 Illud
1149 5208 1281 5267 quoque
1307 5206 1359 5249 me
1383 5188 1515 5262 solatur,
1547 5188 1639 5269 quod

185 5289 215 5347 iu
239 5299 303 5348 tam
339 5290 492 5372 frequenti
523 5303 688 5366 conventu,
720 5294 768 5353 cui
792 5305 827 5354 tu
850 5295 973 5367 interes
1005 5304 1036 5354 et
1060 5304 1150 5356 tanto
1180 5293 1356 5376 principum
1378 5290 1640 5378 pontificumque
