3660 5850
958 370 1043 433 1491.

976 660 1026 722 27.

658 815 879 889 Bohuslav
907 793 1095 910 Stepanu
1124 815 1340 891 Pisonovi.

363 1003 522 1074 leeiltony
543 1002 758 1070 (1101011101491
784 1032 817 1040 -
845 1002 881 1058 lb.
900 1002 996 1059 tunna.
1030 1003 1160 1071 Vypisuje
1186 1011 1263 1056 cestu
1290 963 1486 1057 zAlexandrle
1514 1022 1549 1071 po
1574 1004 1720 1056 ostrovech

275 1090 435 1157 aigeiskeho
454 1093 529 1143 mole
549 1108 565 1143 a
583 1108 618 1158 po
636 1089 723 1142 blehu
752 1090 957 1158 rnaloasijsltem
985 1090 1153 1159 vykonanou
1173 1091 1180 1142 i
1200 1098 1238 1153 tu,
1267 1091 1363 1143 kterou
1387 1090 1459 1158 jeste
1486 1108 1521 1159 po
1540 1091 1631 1144 Airice
1652 1108 1668 1142 a
1687 1108 1721 1157 po

278 1165 370 1229 Pecku
389 1177 520 1245 vykonati
549 1178 625 1229 mini.
656 1177 832 1245 Odporucuje
857 1177 923 1244 jeho
949 1178 1069 1229 ochrane
1098 1194 1168 1229 svou
1194 1177 1364 1230 bibliothelru
1382 1195 1399 1230 a
1417 1177 1583 1245 pozdravuje
1609 1178 1722 1245 plaute,

275 1264 354 1329 (Luc.
373 1264 415 1325 us,
437 1263 585 1331 Vinaliclry'
603 1266 638 1330 tt),

363 1456 528 1538 Stephano
552 1457 656 1521 Pisoni
680 1480 703 1521 s.
728 1478 757 1538 p.
781 1460 810 1520 d.
849 1459 1033 1521 Postremas
1056 1460 1098 1521 ad
1121 1471 1153 1521 te
1176 1459 1280 1521 literas
1303 1479 1345 1519 ex
1368 1457 1563 1520 Alexandria
1585 1455 1724 1540 Aegypti

277 1561 365 1622 dedi:
389 1561 463 1622 inde
486 1560 706 1623 Genuensium
738 1564 864 1646 navigio
887 1562 1002 1626 Chium
1037 1565 1199 1645 proiectus
1222 1583 1302 1625 sum.
1341 1562 1376 1624 ln
1400 1563 1462 1624 hoc
1492 1565 1602 1624 itinere
1633 1561 1723 1641 (dum

277 1664 455 1745 Carpathos
490 1666 591 1727 insula
615 1669 677 1727 iam
712 1669 743 1727 in
767 1679 942 1746 conspectu
973 1665 1069 1747 esset)
1104 1670 1133 1728 vi
1158 1669 1355 1746 tempestatis
1384 1666 1426 1729 ad
1449 1665 1593 1745 Cyprum
1624 1684 1725 1743 usquc

277 1769 361 1830 milia
384 1789 537 1848 passuum
561 1789 643 1848 pene
666 1770 876 1853 quadraginta
896 1774 1001 1833 reiecti
1025 1791 1151 1834 sumus:
1176 1775 1245 1851 cepi
1262 1783 1370 1833 tamen
1394 1790 1459 1832 non
1482 1789 1614 1851 parvum
1633 1768 1724 1830 huius

276 1873 472 1936 adversitatis
488 1874 632 1947 fructum,
656 1875 746 1953 quod
762 1874 896 1949 Ciliciae,
913 1875 1119 1956 Pamphyliae
1135 1875 1318 1955 Lyciaeque
1337 1895 1426 1937 oram
1450 1873 1509 1957 legi
1525 1886 1557 1935 et
1573 1872 1725 1954 pleraque

277 1978 379 2050 didici,
403 1998 486 2058 quae
502 1979 698 2059 ignorabam.
724 1979 807 2040 Nam
824 1992 856 2041 et
873 1979 1029 2041 Pathmon
1053 1990 1288 2058 praetervectus
1304 1999 1383 2053 sum,
1407 1978 1469 2040 divi
1488 1978 1619 2061 Joannis
1642 1995 1724 2037 reve·

278 2082 394 2144 latione
418 2081 582 2164 insignem,
605 2094 637 2142 et
653 2081 758 2146 Coum
782 2082 987 2164 Samumque,
1012 2085 1143 2145 alteram
1159 2084 1350 2165 Pythagora,
1374 2084 1504 2144 alteram
1525 2080 1724 2162 Hippocrate

277 2188 384 2249 claras.
408 2185 505 2249 Chios
529 2189 597 2265 ipsa
614 2187 694 2248 ultra
710 2187 751 2259 id,
776 2188 865 2268 quod
888 2189 948 2249 sibi
965 2188 1101 2249 Homeri
1124 2202 1156 2249 et
1180 2199 1285 2248 ortum
1301 2200 1332 2249 et
1348 2187 1550 2268 sepulchrum
1573 2184 1725 2257 vendicat,

278 2295 428 2352 masticen
460 2310 590 2369 quoque
620 2290 869 2353 laudatissimam
900 2294 1007 2374 gignit.
1048 2293 1131 2354 Hinc
1162 2294 1192 2353 in
1222 2294 1438 2352 continentem
1460 2288 1557 2351 Asiae
1589 2290 1725 2363 minoris,

278 2415 375 2475 quam
399 2396 461 2456 hoc
484 2407 629 2473 ternpore
655 2395 803 2458 Turciam
828 2408 951 2469 vocant,
975 2400 1088 2470 traieci,
1112 2409 1143 2458 et
1167 2396 1337 2475 Smyrnam
1360 2398 1461 2474 ipsam
1485 2404 1518 2454 et
1540 2392 1725 2472 Thyatiram

279 2511 309 2560 et
340 2499 503 2577 Ephesum
533 2512 564 2562 et
588 2498 748 2576 Erythras,
783 2499 905 2579 Sibylla
939 2503 1006 2561 cive
1039 2502 1171 2575 nobiles,
1205 2511 1396 2582 pervagatus
1429 2518 1508 2561 sum.
1548 2497 1725 2578 Eregione

278 2602 444 2681 Smyrnaei
468 2605 554 2664 sinus
577 2602 703 2664 Lesbos
726 2615 782 2678 est,
813 2603 1026 2683 Theophrasti
1056 2603 1270 2686 Sapphusque
1301 2607 1411 2685 patria.
1448 2603 1569 2663 Vectus
1595 2601 1724 2663 demum

280 2727 335 2786 per
357 2705 514 2784 Cycladas
536 2705 773 2786 Sporadasque,
797 2707 860 2769 hoc
882 2721 929 2769 est
951 2707 1064 2779 Delon,
1089 2709 1200 2781 Paron,
1218 2709 1350 2780 icarum,
1372 2706 1529 2781 Andrum,
1548 2704 1724 2777 Tenedum,

278 2811 420 2889 Gyaram
443 2809 665 2889 Seriphonque
688 2822 719 2871 et
743 2814 908 2873 innumera
924 2813 955 2873 id
979 2833 1089 2893 genus,
1114 2833 1196 2893 quae
1219 2831 1474 2873 commemorare
1490 2830 1555 2872 non
1572 2822 1639 2872 tarn
1654 2809 1724 2870 mihi

278 2935 373 2997 grave
403 2935 500 2994 quam
531 2916 586 2976 tibi
618 2916 816 2977 fastidiosum
847 2928 939 2989 esset,
970 2917 1159 2978 hletlronem
1184 2916 1340 2997 oppidum
1368 2915 1580 2994 Peloponnesi
1605 2914 1726 2978 delatus

279 3039 358 3089 sum,
382 3019 507 3097 Libyen
530 3018 672 3080 Domino
707 3024 853 3100 propitio,
877 3041 950 3082 curn
974 3024 1112 3099 primum
1137 3020 1202 3081 lieri
1226 3023 1350 3098 poterit,
1381 3022 1572 3080 traiecturus.
1611 3016 1725 3077 Ferunt

279 3144 349 3185 esse
371 3124 429 3184 illic
445 3123 580 3197 Tuneta,
603 3144 737 3203 parvum
762 3126 838 3186 olim
855 3125 1011 3204 oppidum
1032 3138 1063 3187 et
1082 3146 1101 3185 a
1116 3124 1206 3186 Livio
1223 3125 1426 3204 Polybioque
1449 3124 1503 3183 vix
1519 3123 1725 3192 nominatum,

280 3247 364 3289 nunc
387 3240 493 3288 autem
518 3216 662 3288 omnium
686 3227 812 3289 Atticae
843 3231 969 3291 urbium
993 3229 1090 3311 (quae
1114 3232 1144 3290 in
1169 3241 1315 3291 nostrum
1346 3247 1434 3289 mare
1456 3227 1605 3308 vergunt)
1627 3225 1727 3286 claris-

279 3335 402 3405 simum,
419 3351 522 3411 neque
542 3332 652 3410 procul
670 3333 744 3394 inde
760 3336 864 3395 ruinas
881 3331 1079 3416 Carthaginis
1101 3344 1236 3408 exstare,
1253 3352 1387 3412 quarum
1405 3331 1607 3392 visendarum
1623 3327 1725 3392 studio

280 3456 319 3498 eo
343 3438 544 3515 potissimum
567 3436 759 3516 proficiscor.
798 3437 913 3498 Redire
936 3438 1050 3500 dehinc
1079 3436 1255 3499 hlethonen
1285 3439 1410 3497 animus
1433 3446 1490 3508 est,
1516 3448 1549 3497 et
1571 3433 1726 3513 Pelopon·

280 3560 400 3616 hesum,
416 3541 557 3602 Atticam
572 3541 804 3621 Boeotiamque
819 3561 996 3623 peragrare,
1012 3553 1043 3603 et
1059 3543 1284 3621 eloquentiam,
1301 3560 1398 3621 quam
1414 3539 1521 3602 studio
1537 3540 1727 3622 ingenioque

278 3648 430 3724 consequi
454 3664 518 3706 non
535 3647 633 3723 potui,
657 3646 744 3724 apud
769 3645 958 3708 Parnassum
976 3647 1198 3727 lleliconaque
1214 3657 1338 3725 petere,
1360 3644 1434 3705 inde
1449 3644 1535 3705 adire
1550 3641 1728 3706 Constanti·

280 3749 422 3828 nopolim
446 3761 478 3810 et
501 3749 648 3827 Bithynia
673 3749 889 3828 Hellesponto
912 3749 1105 3832 Troadeque
1132 3750 1263 3812 lustrata
1286 3750 1439 3811 Venetias
1462 3751 1583 3809 reverti.
1621 3746 1724 3826 Quem

281 3873 331 3913 me
354 3872 438 3914 nunc
454 3854 592 3913 fructum
616 3853 794 3914 studiorum
812 3873 958 3915 meorum
982 3873 1097 3932 capere
1112 3854 1226 3933 putas?
1249 3874 1315 3935 quo
1331 3854 1448 3916 affectu
1464 3873 1574 3914 versus
1596 3850 1727 3913 canere?

280 3977 343 4037 qua
367 3956 562 4018 iucunditate
586 3959 758 4035 priscarum
784 3958 983 4019 historiarum
1006 3958 1183 4020 recordari?
1206 3958 1321 4020 Nullae
1337 3958 1480 4038 prolecto
1496 3956 1630 4029 divitiae,
1653 3955 1726 4016 nulli

280 4062 424 4126 honores.
450 4061 554 4122 nullae
578 4060 773 4121 domesticae
797 4061 927 4122 deliciae
949 4075 1057 4123 tantae
1080 4075 1162 4131 sunt,
1185 4073 1219 4124 ut
1242 4081 1316 4123 curn
1339 4063 1398 4123 hac
1427 4059 1600 4139 voluptate,
1630 4078 1726 4141 quam

280 4186 321 4226 ex
346 4178 392 4226 tot
416 4167 558 4247 gentium
586 4177 683 4244 atque
706 4167 871 4226 nationum
900 4171 1118 4249 peragratione
1141 4167 1284 4248 quotidie
1314 4169 1415 4244 capi0,
1437 4166 1570 4227 conteni
1594 4167 1725 4244 possint.

279 4268 344 4331 Sed
375 4269 452 4328 hacc
475 4285 509 4329 ut
537 4269 665 4330 forsitan
696 4269 843 4337 admittis
874 4274 988 4332 caeteri
1024 4283 1133 4332 autem
1156 4291 1215 4332 suo
1246 4270 1414 4333 stomacho
1446 4272 1614 4349 accipiunt
1637 4269 1727 4329 Vale.

280 4373 509 4434 bibliothecam
537 4394 642 4435 meam
671 4375 727 4434 tibi
755 4375 957 4436 commendo.
996 4375 1089 4443 Vide.
1113 4388 1148 4436 ut
1171 4376 1212 4436 ab
1236 4378 1322 4435 omni
1354 4376 1463 4436 iniuria
1486 4388 1518 4437 et
1540 4375 1727 4453 praesertim

279 4482 434 4540 tinearum
459 4489 525 4540 tuta
549 4481 595 4539 sit.
623 4478 695 4540 lloc
719 4479 792 4539 mihi
817 4483 846 4540 in
871 4483 1049 4557 praesentia
1072 4480 1146 4540 nihii
1170 4480 1331 4557 acceptius
1354 4479 1458 4540 lacere
1479 4481 1609 4558 poteris.
1641 4473 1729 4538 Chri-

279 4595 430 4644 stannum
453 4583 580 4649 Pediclr,
601 4583 759 4663 Joannem
783 4584 869 4662 apud
894 4585 1017 4646 tabulas
1041 4588 1146 4645 curiae
1168 4597 1199 4645 et
1216 4585 1415 4645 Victorinum
1432 4583 1474 4644 de
1488 4581 1647 4644 Wssehrd
1671 4581 1730 4643 sal-

280 4706 352 4746 rere
367 4690 449 4747 iube.
474 4688 635 4761 Methone,
659 4691 724 4748 into
740 4691 770 4749 in
788 4690 858 4749 navi
877 4693 1019 4749 oneraria
1039 4690 1132 4769 juxta
1148 4688 1345 4749 hlethonem.
1371 4687 1453 4750 1491
1470 4686 1522 4748 die
1539 4686 1588 4749 16.
1604 4685 1729 4764 Aprilis.

367 4891 551 4943 Oadressatu
571 4909 662 4943 srorn.
690 4893 845 4959 poznamku
866 4893 959 4945 klistu
980 4893 1019 4956 ld,
1046 4894 1283 4961 opozdravenem
1302 4896 1396 4945 vnern
1416 4890 1548 4945 Pedilrovi
1572 4890 1731 4960 poznamku

281 4978 378 5030 klistu
397 4979 439 5028 ³21.
471 4978 553 5029 liruri
579 4979 632 5029 dra
657 4980 831 5046 pozdraveni.
855 4981 906 5048 Jan
932 4998 946 5031 z
967 4981 1133 5032 Domaslave
1158 4997 1175 5032 a
1194 4979 1319 5032 Viktorin
1344 4996 1376 5032 ze
1396 4977 1514 5039 Vsehrd,
1538 4976 1596 5046 byli
1620 4978 1732 5031 tenkrat

280 5065 413 5117 tilednllrr
433 5083 449 5115 r
463 5066 593 5116 destricti.
