3660 5850
185 385 234 439 tut
862 387 955 447 150&

184 601 368 678 mpietatem
392 609 514 660 tantam
538 602 633 660 etiam
665 601 694 661 in
719 601 931 682 cogitationes
960 599 1129 662 admittere
1156 600 1314 662 formidat.
1347 599 1464 680 Neque
1494 600 1633 661 foemina

184 702 274 764 deest
296 703 390 764 huius
413 703 593 766 dementiae
616 705 782 784 particeps.
805 700 955 785 Cumque
976 704 1143 784 apostolus
1166 704 1313 767 mulieres
1336 715 1442 767 tacere
1458 705 1489 765 in
1506 704 1635 766 ecclesia

184 807 300 882 iubeat,
329 806 407 868 haec
437 818 468 868 et
491 805 533 868 ad
564 826 670 889 regem
694 808 831 869 scribere
861 817 894 869 et
917 808 1068 887 profanos
1097 807 1245 871 homines
1271 828 1331 871 suo
1355 809 1534 889 patrocinio
1557 808 1636 868 tueri

184 910 290 973 audet.
324 908 390 974 Sed
419 911 549 973 forsitan
577 914 619 973 ita
649 912 773 995 legibus
795 910 933 976 Satanae
960 923 1096 986 cavetur,
1127 925 1162 974 ut
1192 912 1277 975 nulla
1300 931 1384 993 pene
1406 911 1549 974 haeresis
1571 911 1638 971 sine

185 1016 247 1077 hoc
269 1035 350 1079 sexu
373 1016 552 1078 coalescere
575 1019 605 1077 in
630 1017 764 1078 ecclesia
792 1014 852 1077 Dei
879 1018 989 1097 possit.
1019 1015 1132 1080 Simon
1161 1035 1276 1100 magus
1298 1015 1467 1079 cuiusdam
1499 1016 1640 1076 meretri·

185 1119 275 1182 culae
297 1119 415 1182 auxilio
438 1123 521 1183 virus
544 1119 678 1183 diffudit.
710 1120 862 1183 Nicolaus
886 1118 1107 1183 Antiochenus
1130 1121 1247 1184 choros
1277 1120 1450 1183 muliebres
1473 1119 1639 1182 ductabat.

186 1224 339 1287 Habebat
361 1223 490 1305 Apelles
512 1226 544 1286 in
559 1227 711 1287 comitatu
734 1244 794 1287 suo
816 1226 969 1306 virginem
991 1225 1131 1307 maligno
1153 1222 1295 1287 afflatam
1317 1226 1438 1304 spiritu
1461 1221 1639 1286 Montanus

186 1348 253 1390 non
276 1338 325 1391 tot
347 1349 406 1393 sua
428 1331 598 1391 autoritate
628 1340 709 1409 quot
736 1328 860 1391 Priscae
890 1328 1151 1409 Maximillaeque
1178 1348 1242 1408 ope
1271 1327 1408 1392 seduxit.
1442 1327 1556 1390 Arrius
1583 1328 1639 1389 nisi

185 1435 273 1514 prius
295 1453 329 1495 se
352 1434 502 1512 principis
532 1435 632 1495 sorori
664 1436 863 1509 insinuasset,
889 1453 1056 1513 nunquam
1085 1444 1191 1497 totum
1217 1434 1282 1496 fere
1303 1434 1417 1496 orbem
1446 1432 1640 1496 detestanda

186 1539 237 1600 lue
264 1536 391 1600 inficere
422 1541 587 1616 potuisset.
622 1537 738 1600 Secuta
769 1538 826 1601 has
856 1537 983 1601 Martha
1013 1549 1133 1617 nostra,
1163 1557 1262 1620 quam
1289 1548 1398 1601 tamen
1425 1537 1543 1600 melius
1573 1547 1639 1598 erat

185 1641 338 1720 exemplo
360 1643 473 1703 veteris
496 1640 642 1705 Marthae
664 1644 746 1705 circa
768 1642 918 1724 frequens
940 1644 1150 1706 ministerium
1173 1653 1318 1724 satagere
1336 1653 1370 1705 et
1384 1642 1496 1705 colum
1519 1642 1637 1703 lanam·

186 1764 249 1826 quc
272 1765 390 1818 curare,
414 1766 511 1826 quam
535 1745 613 1808 virili
637 1746 777 1825 quadam
802 1744 1052 1829 imprudentia*)
1075 1746 1230 1809 adversus
1252 1746 1445 1809 catholicam
1468 1745 1571 1809 fidem
1586 1746 1637 1808 de·

185 1851 341 1912 ba'cchari.
365 1850 585 1912 Dormitamus
601 1859 708 1912 tamen
732 1870 792 1913 nos
815 1851 855 1913 ad
879 1850 966 1926 haec,
990 1860 1111 1913 etcum
1134 1851 1200 1931 lupi
1222 1851 1350 1915 assidue
1372 1852 1461 1935 gregi
1477 1850 1637 1914 dominico

184 1953 377 2027 insidientur,
409 1974 512 2036 neque
543 1965 597 2017 aut
627 1975 722 2017 canes
745 1956 867 2030 latrant,
901 1967 957 2018 aut
979 1966 1126 2036 pastores
1155 1975 1215 2037 pro
1238 1956 1353 2018 ovibus
1375 1954 1436 2017 sibi
1459 1956 1638 2018 commissis

183 2057 280 2140 digne
296 2058 466 2131 excubant,
482 2058 670 2139 maluntque
686 2059 715 2120 in
732 2058 949 2138 voluptatibus
964 2070 997 2120 et
1012 2059 1079 2122 otio
1095 2078 1236 2121 marcere
1251 2078 1349 2140 quam
1365 2059 1449 2122 curis
1461 2058 1639 2122 laboribus·
1681 2094 1685 2101 -

185 2182 258 2242 que,
280 2161 440 2225 interdum
462 2163 557 2223 etiam
581 2164 662 2224 vitae
687 2162 829 2242 periculo
860 2163 1035 2225 orientibus
1056 2163 1149 2226 malis
1171 2164 1301 2226 obviarn
1327 2164 1381 2238 ire,
1413 2164 1547 2225 minime
1569 2182 1640 2243 pro-

186 2268 270 2328 fecto
293 2285 367 2327 eum
391 2268 511 2340 imitati,
535 2266 588 2346 qui
613 2268 835 2346 animam'pro
852 2267 967 2329 ovibus
989 2286 1112 2347 ponere
1134 2277 1167 2329 et
1190 2269 1279 2330 iussit
1297 2277 1331 2329 et
1345 2266 1501 2346 exemplo
1523 2267 1640 2331 docuit

186 2370 330 2434 Maxime
352 2380 460 2432 autem
483 2373 626 2432 omnium
649 2371 724 2433 illud
749 2390 801 2433 me
823 2373 919 2454 angit,
943 2371 1032 2452 quod
1054 2369 1187 2451 perfidia
1209 2370 1297 2445 haec,
1319 2388 1404 2452 quae
1418 2371 1482 2433 sub
1497 2369 1642 2453 Georgio

187 2494 262 2558 rege
285 2487 317 2536 et
336 2475 463 2556 Joanne
486 2474 663 2553 Rokycana
687 2476 887 2558 (quanquam
909 2476 1080 2538 haereseos
1106 2474 1276 2556 accusatis)
1298 2494 1340 2536 ne
1361 2474 1486 2538 hiscere
1508 2474 1642 2556 quidem

188 2580 337 2653 audebat,
363 2579 426 2641 hoc
453 2589 600 2658 tempore
622 2581 682 2642 sub
705 2600 779 2663 rege
802 2578 962 2642 catholico
984 2591 1016 2642 et
1039 2579 1161 2642 radices
1183 2581 1248 2661 agit
1269 2589 1302 2641 et
1323 2597 1432 2641 ramos
1454 2596 1535 2641 suos
1557 2578 1643 2640 adeo

188 2685 251 2746 late
274 2683 443 2763 protendit,
474 2693 508 2745 ut
532 2685 585 2745 vix
608 2683 755 2747 humanis
778 2686 895 2747 viribus
924 2687 1073 2765 extirpari
1096 2693 1194 2764 atque
1223 2683 1313 2745 evelh
1335 2684 1446 2762 possit.
1480 2681 1642 2762 Equidem

188 2790 336 2852 terribilia
359 2789 411 2852 illa
432 2788 545 2863 edicta,
568 2790 685 2870 quibus
709 2798 842 2871 uterque
864 2789 989 2872 gladius
1003 2790 1196 2873 distringitur
1218 2800 1251 2851 et
1272 2806 1374 2871 genus
1393 2787 1457 2850 hoc
1471 2786 1643 2850 hominum

188 2895 330 2975 undique
360 2894 434 2973 pelli
464 2896 627 2974 arcerique
656 2895 790 2969 iubetur,
821 2912 1017 2977 magnopere
1039 2895 1152 2975 probo.
1186 2891 1252 2957 Sed
1274 2910 1393 2967 vereor,
1423 2910 1474 2967 ne,
1505 2901 1541 2953 ut
1568 2900 1645 2953 sunt

188 3018 294 3061 mores
317 3000 425 3075 nostri,
449 3018 514 3060 non
530 2998 633 3059 multo
656 3011 731 3079 post
746 2998 787 3060 ad
804 2998 950 3060 levissimi
974 3002 1126 3078 cuiusque
1149 2998 1388 3080 suggestionem
1404 3014 1521 3059 omnes
1536 2995 1645 3058 huius·

186 3103 275 3166 modi
298 3105 404 3165 minae
427 3105 457 3164 in
473 3114 601 3165 ventum
625 3105 750 3165 abeant.
773 3101 838 3167 Sed
862 3104 991 3166 forsitan
1007 3103 1086 3164 haec
1108 3121 1213 3182 poena
1229 3111 1438 3182 peccatorum
1453 3109 1644 3163 nostrorum

186 3220 244 3283 est,
268 3227 415 3289 unusque
430 3228 518 3270 error
534 3210 627 3271 nobis
641 3208 778 3290 gradum
794 3206 835 3270 ad
851 3209 930 3270 alios
945 3208 1088 3286 praebet,
1110 3217 1142 3268 et
1158 3207 1311 3288 quoniam
1334 3203 1433 3268 semel
1448 3204 1492 3266 ab
1507 3204 1645 3268 ecclesia

186 3316 381 3388 recessimus,
405 3333 471 3376 non
486 3312 662 3375 desinimus
684 3313 829 3393 quotidie
844 3312 1034 3392 profundius
1049 3311 1080 3373 in
1096 3313 1258 3374 baratrum
1281 3328 1379 3373 ruere.
1402 3308 1502 3374 Unde
1516 3311 1644 3372 utinam

186 3437 248 3479 nos
270 3416 359 3479 Deus
382 3418 571 3479 immortalis
592 3416 767 3496 aliquando
790 3416 945 3492 extrahat,
968 3419 1022 3497 qui
1037 3417 1134 3477 etiam
1150 3435 1193 3476 ex
1208 3414 1368 3495 lapidibus
1389 3413 1473 3476 filios
1487 3413 1645 3476 Abrahae

187 3523 338 3584 suscitare
361 3523 481 3602 potest!
506 3520 596 3583 Vale.
620 3521 740 3584 Datum
764 3522 1025 3600 Hassensteynae
1048 3521 1078 3585 8.
1102 3518 1227 3601 Aprilis.

272 3692 338 3761 Jalre
357 3698 387 3744 to
405 3691 471 3760 byly
489 3691 615 3760 zejmena
633 3692 709 3761 spisy
728 3692 860 3755 bratrslre,
876 3691 951 3744 litere
971 3691 1053 3745 Pibra
1071 3689 1260 3744 Bohuslavovi
1278 3688 1388 3743 tenkrit
1405 3689 1501 3752 zaslal,
1519 3689 1644 3752 nevime‚

185 3781 228 3832 ale
247 3780 355 3833 snadno
373 3780 524 3848 dovtipime
544 3796 582 3842 se,
601 3779 633 3832 ie
652 3778 757 3846 neuile,
776 3797 794 3831 v
812 3778 895 3832 nicht
919 3779 1040 3832 titodeno
1063 3797 1100 3832 na
1120 3775 1396 3832 transsubstanciaci.
1423 3776 1448 3829 Ο
1468 3776 1580 3831 krutem
1599 3778 1645 3831 de·

186 3866 261 3919 krete
281 3866 452 3920 kralovsltem
472 3866 542 3934 proti
560 3866 677 3935 Jednote
695 3884 711 3918 a
731 3865 833 3919 obrane
852 3867 942 3934 Marty
961 3883 976 3919 z
995 3865 1134 3919 Boskovic
1152 3881 1173 3918 r.
1188 3863 1254 3917 1507
1273 3881 1366 3917 srovn.
1384 3863 1546 3917 Palaclreho
1566 3865 1601 3928 V,
1619 3865 1646 3928 2,

187 3953 332 4007 tut-121.
352 3954 492 4007 Bohuslav
511 3952 632 4021 meshaje
651 3971 686 4007 na
705 3953 844 4008 odlehlem
857 3953 983 4007 venlrove
1001 3953 1112 4006 dovldal
1130 3970 1160 4005 se
1179 3952 1236 4006 arci
1250 3955 1358 4005 ovilem
1371 3958 1431 4005 torn
1443 3950 1531 4005 velmi
1545 3952 1646 4020 posz.

878 4234 948 4299 157.

485 4373 705 4445 Bohuslav
734 4371 984 4446 Bernhardu
1012 4370 1338 4444 Adelmannovi.

272 4543 291 4598 2
312 4542 465 4600 ffasifilelna
483 4544 576 4611 (15⁰8)
590 4574 621 4582 -
635 4545 678 4598 27.
699 4544 794 4631 dubita.
823 4542 913 4611 Liruje
932 4543 1060 4612 poraiky,
1077 4541 1114 4610 J'il
1137 4542 1243 4610 utrpelo
1261 4540 1359 4608 vojsko
1384 4541 1508 4594 clsafske
1536 4544 1576 4594 od
1598 4543 1649 4594 Be·

185 4631 314 4685 nfrtdanh.
338 4648 355 4682 a
378 4631 487 4698 ripadku
510 4631 564 4683 libe
590 4632 732 4683 nemecke.
764 4631 838 4684 Zada
863 4647 896 4683 za
920 4628 1004 4698 lrnihy
1030 4646 1047 4682 a
1071 4645 1104 4681 za
1129 4627 1278 4695 schazejlcf
1304 4645 1351 4681 mu
1376 4627 1450 4697 listy.
1477 4628 1564 4696 (Luc.
1588 4628 1648 4689 136,

186 4717 336 4786 Vinarieky'
355 4717 407 4785 94.)

271 4876 338 4938 Suo
363 4876 547 4938 Bernliardo
565 4876 770 4938 Adclmanno
794 4898 817 4938 s.
841 4898 870 4956 p.
887 4876 916 4937 d.
939 4874 1037 4954 Quod
1053 4887 1160 4938 tantus
1182 4887 1364 4937 nostrorum
1380 4893 1540 4936 numerus
1557 4875 1652 4937 nullo

185 4982 317 5039 omnino
349 4980 489 5041 hostium
520 4982 684 5042 interfecto
708 5002 726 5041 a
750 4981 884 5043 Venetis
914 4999 1026 5042 caesus
1049 4983 1095 5051 sit,
1129 4991 1161 5042 et
1191 4980 1326 5062 prodigii
1356 4978 1427 5040 loco
1459 4981 1587 5057 accepi,
1618 4991 1652 5041 et

187 5082 319 5144 moleste
335 5083 403 5145 tuli:
428 5084 529 5145 multo
553 5096 660 5146 autem
677 5084 842 5148 molestius
864 5082 1049 5167 Augustum
1073 5084 1155 5147 adeo
1172 5084 1231 5145 hac
1254 5082 1344 5145 clade
1360 5081 1547 5160 perculsum
1566 5102 1653 5157 esse,

274 5309 299 5373 ss)
319 5306 393 5358 Snad
413 5306 592 5374 impudentia.
