3660 5850
961 576 1030 639 187.

556 710 778 783 Bohuslav
806 711 1008 786 Ambrodi
1038 712 1211 786 Chrtovi
1239 737 1262 785 z
1291 713 1431 787 Plzne.

351 881 371 935 Ζ
392 879 546 938 Ηαείᾒοὶηα
565 912 597 920 -
616 883 660 938 211.
680 886 772 940 ltnota.
801 882 977 951 Doporuduje
996 886 1047 936 vec
1070 884 1186 950 jakehos
1205 885 1335 945 Tomase,
1352 884 1389 951 jii
1414 888 1464 953 pri
1482 894 1561 940 tento
1587 886 1648 938 adm
1676 902 1723 939 mu

267 967 366 1035 vyloli
379 985 395 1020 a
409 968 506 1021 kterou
524 969 617 1022 zlistu
636 970 744 1022 ddlrana
756 971 943 1022 Kadallskeho
957 970 1094 1022 Vaviince
1114 972 1207 1023 seznd.
1226 971 1374 1024 Ponevadi
1390 971 1437 1040 jde
1456 973 1576 1026 zarovell
1595 973 1724 1025 oaukto

266 1054 320 1107 ritu
339 1055 407 1107 tadu
426 1055 596 1118 cirkevniho‚
616 1056 693 1119 iada,
712 1056 766 1125 aby
785 1057 878 1110 slusne
898 1060 948 1110 vec
968 1058 1074 1126 vylidil.
1093 1059 1172 1126 (Luc.
1193 1057 1262 1125 101.)

355 1232 383 1292 D
416 1230 590 1296 Ambrosio
614 1232 655 1294 de
679 1232 771 1294 Plzna
795 1246 853 1296 etc.
877 1255 900 1295 s
917 1254 947 1312 p.
964 1234 993 1295 d.
1024 1232 1177 1307 Thomas,
1201 1237 1255 1314 qui
1278 1233 1337 1296 has
1361 1235 1402 1296 ad
1426 1247 1458 1298 te
1481 1236 1588 1297 literas
1610 1235 1723 1310 defert

268 1340 375 1398 neseio
399 1338 476 1418 quid
500 1339 618 1420 negotii
647 1338 734 1417 apud
766 1349 797 1399 te
828 1339 934 1401 habet.
974 1338 1069 1399 llunc
1099 1339 1154 1399 tibi
1181 1338 1352 1416 plurimum
1383 1339 1587 1410 commende,
1614 1339 1725 1402 bonus

267 1443 352 1502 enim
375 1443 560 1525 integerque
583 1442 683 1503 homo
707 1452 762 1515 est,
786 1453 818 1503 et
841 1462 914 1503 cum
938 1443 1025 1504 rudis
1048 1445 1087 1505 sit
1111 1443 1270 1524 longeque
1293 1446 1397 1522 aptior
1420 1463 1497 1525 agro
1520 1463 1619 1523 quam
1644 1443 1724 1516 lom,

267 1543 403 1606 salutem
419 1556 526 1607 tamen
550 1547 675 1607 animae
698 1565 775 1607 suae
798 1549 928 1607 minime
952 1546 1087 1630 negligit.
1111 1546 1214 1626 Quale
1237 1548 1268 1607 id
1292 1560 1397 1609 totum
1421 1549 1468 1623 sit,
1492 1549 1607 1626 partim
1623 1569 1667 1609 ex
1684 1569 1725 1611 eo

267 1652 381 1728 partim
405 1669 448 1711 ex
470 1649 565 1713 literis
588 1650 710 1711 domini
733 1649 895 1712 Laurentii
918 1649 1032 1711 decani
1049 1648 1247 1713 Cadanensis
1269 1670 1454 1734 cognosces.
1478 1650 1555 1713 Mihi
1578 1655 1674 1726 enim,
1691 1664 1725 1713 ut

267 1754 380 1826 dicam,
404 1753 493 1834 quod
517 1756 629 1827 sentio,
654 1773 719 1814 non
750 1755 856 1815 solum
879 1753 1027 1815 Thomae
1058 1773 1153 1815 causa
1184 1756 1407 1833 impraesentia
1436 1759 1486 1836 agi
1510 1755 1642 1830 videtur,
1666 1755 1725 1818 sed

267 1858 363 1919 etiam
393 1858 593 1920 ecclesiastici
628 1857 753 1932 ordinis,
786 1858 875 1920 cuius
908 1860 1087 1932 auctoritas
1124 1861 1181 1921 nisi
1216 1861 1452 1938 quamprimum
1483 1858 1649 1922 calumniis
1679 1863 1726 1922 in·

269 1962 487 2040 solentiaeque
518 1952 639 2036 eorum,
670 1963 723 2042 qui
754 1965 863 2023 omnia
894 1962 1000 2024 divina
1030 1964 1234 2042 humanaque
1264 1965 1392 2024 turbare
1422 1966 1563 2042 cupiunt,
1593 1965 1725 2026 obviam

269 2069 348 2128 itum
380 2067 478 2139 luerit,
502 2085 633 2144 prorsus
663 2065 799 2127 vilescet.
838 2065 1009 2129 Caeterum
1042 2078 1075 2127 tu
1099 2085 1157 2145 pro
1189 2076 1243 2128 tua
1274 2067 1453 2146 prudentia,
1480 2055 1596 2130 virtute
1624 2079 1726 2149 atque

269 2173 365 2231 animi
389 2169 609 2252 magnitudine
632 2170 722 2232 facile
744 2171 793 2232 his
817 2171 907 2233 malis
931 2190 1027 2252 opem
1052 2172 1131 2233 ferre
1154 2171 1338 2251 mederique
1361 2172 1488 2251 poteris.
1522 2171 1594 2255 Ego
1616 2173 1725 2235 solum

269 2274 331 2335 hoc
354 2293 473 2352 precor,
490 2286 525 2337 ut
548 2276 683 2336 iustitiae
706 2277 925 2354 aequitatique
948 2275 1041 2349 adsis,
1061 2295 1167 2354 neque
1189 2277 1316 2356 patiaris
1339 2275 1506 2337 scintillam
1529 2275 1619 2348 hano
1640 2296 1727 2356 quae

269 2379 375 2440 forsan
407 2397 559 2460 magnum
590 2378 763 2460 aliquando
794 2379 977 2441 incendium
1007 2382 1146 2442 excitare
1176 2390 1295 2459 posset,
1326 2380 1513 2441 coalescere.
1548 2379 1584 2440 ld
1610 2383 1636 2441 si
1669 2382 1727 2441 im·
1806 2443 1815 2460 ,

268 2493 443 2562 petralem,
467 2494 498 2543 et
522 2495 555 2544 tu
579 2482 685 2544 officio
709 2495 765 2545 tuo
789 2482 916 2544 iunctus
944 2483 1045 2558 fueris,
1069 2495 1100 2545 et
1123 2503 1184 2563 ego
1208 2502 1260 2544 me
1283 2503 1401 2566 magno
1429 2484 1488 2544 abs
1511 2494 1543 2545 te
1567 2483 1726 2545 beneficio

269 2585 420 2648 affectum
444 2587 633 2648 arbitrabor.
657 2587 746 2649 Vale.
770 2586 822 2647 Ex
847 2587 1070 2668 llassensteyn
1093 2588 1143 2652 20.
1165 2587 1326 2650 Februari.

356 2774 405 2841 Jak
424 2773 515 2826 zlistu
533 2771 735 2841 nalsledujlclho
753 2774 870 2842 vysvlta‚
883 2774 929 2842 byl
947 2775 1051 2827 Tomis
1070 2774 1167 2828 dlovek
1185 2774 1335 2843 (poddany)
1354 2774 1541 2833 Bohuslavdv.
1561 2774 1569 2827 i
1589 2775 1677 2828 utlkal
1696 2794 1727 2828 se

272 2859 304 2911 ke
330 2858 477 2911 konsistoli
496 2860 614 2912 Praiske
637 2879 654 2912 v
672 2860 825 2914 zaleiitosti
850 2860 1017 2914 manielslre.
1048 2861 1316 2915 Administratorove
1341 2862 1433 2930 podali
1457 2861 1498 2930 pli
1523 2863 1727 2916 krozhodnuti

271 2945 413 3013 arcijahnu
440 2945 610 2999 Bilinskemu
631 2947 791 3010 Vdclavovi‚
816 2948 903 3016 ktery'‚
929 2947 999 3016 kdyi
1024 2946 1070 3016 byl
1089 2949 1193 3002 Tomas
1218 2948 1475 3002 kustanovenemu
1500 2949 1602 3016 pllrodl
1625 2949 1727 3011 nestril,

271 3033 383 3085 zdrahal
401 3050 431 3084 se
451 3035 502 3084 vec
521 3033 640 3102 vyrlditi,
659 3034 751 3102 pokud
775 3033 812 3102 by
827 3033 945 3101 jakehos
968 3052 1040 3102 pana
1059 3035 1225 3104 Appollonia
1250 3054 1279 3088 se
1304 3036 1440 3089 neotazal.
1470 3037 1495 3088 0
1514 3036 1630 3089 vrodenl
1653 3036 1727 3089 obou

271 3121 334 3172 listd
354 3122 432 3172 nelze
451 3120 654 3188 poznamenati.
674 3121 715 3174 led
741 3120 772 3173 ie
796 3119 940 3189 pochazeji
965 3138 980 3173 z
999 3121 1036 3173 let
1057 3121 1237 3185 lilla-1510,
1256 3141 1273 3175 a
1291 3122 1349 3176 sice
1368 3122 1448 3190 podle
1472 3123 1585 3192 povahy
1603 3123 1654 3175 sve
1674 3122 1728 3176 oba

271 3208 372 3261 zrolru
390 3206 481 3259 tehoi.

965 3438 1034 3500 188.

429 3575 649 3648 Bohuslav
679 3576 736 3648 M.
766 3575 1015 3662 Vdclavovi,
1044 3576 1262 3671 arcijahnu
1291 3574 1569 3650 Bilinskemu.

359 3746 379 3800 Ζ
400 3745 647 3804 Ηαεὶὲίοίηα-Ιθ.
668 3746 771 3805 ludina.
799 3748 964 3809 Domlouva,
984 3747 1015 3801 ie
1034 3748 1074 3816 pli
1094 3745 1274 3800 manielskou
1300 3745 1414 3799 eloveka
1438 3745 1504 3812 jeho
1522 3744 1646 3798 Tomade
1665 3744 1728 3812 zby·

272 3836 354 3887 tedne
373 3833 525 3902 protahuje,
545 3833 553 3886 i
573 3835 649 3897 iada,
668 3834 721 3902 aby
739 3834 758 3901 ji
778 3834 844 3902 brzy
863 3834 1035 3902 spravedlive
1054 3833 1161 3903 vylldil.
1180 3834 1260 3900 (Luc.
1280 3833 1349 3898 111.)

361 4011 514 4093 lllagistro
537 4011 719 4072 Venceslao
743 4011 968 4072 archidiacono
992 4010 1139 4071 Bilinensi
1162 4021 1220 4071 etc.
1245 4031 1267 4069 s.
1287 4009 1317 4070 d.
1340 4008 1459 4070 Retulit
1483 4007 1559 4068 mihi
1582 4005 1729 4068 Thomas

272 4117 371 4178 homo
388 4133 487 4187 meus¹
504 4117 557 4194 qui
580 4116 676 4175 ctiam
696 4114 801 4175 literas
824 4114 973 4187 ostendit,
990 4134 1069 4194 quas
1092 4113 1133 4175 ad
1157 4113 1326 4175 dominum
1340 4111 1549 4173 Laurentium
1568 4109 1729 4172 decanum

272 4216 496 4281 Cadanensem
521 4218 645 4291 dedisti,
669 4220 851 4297 exquibus
882 4218 971 4279 facile
1002 4217 1140 4279 intellexi
1170 4228 1202 4279 te
1230 4219 1337 4278 nescio
1365 4236 1446 4297 quas
1469 4234 1577 4277 moras
1600 4225 1728 4276 nectere

272 4343 378 4403 neque
401 4321 480 4383 velle
503 4324 531 4382 ei
555 4321 640 4383 diem
664 4324 830 4383 nominare
860 4320 901 4382 ad
932 4341 1062 4383 causam
1093 4340 1185 4382 suam
1212 4319 1414 4394 audiendam,
1438 4321 1496 4380 nisi
1518 4320 1605 4398 prius
1630 4317 1729 4380 domi-

274 4446 351 4489 num
375 4425 584 4506 Apollonium
615 4425 772 4487 consulas
807 4424 932 4505 Quodsi
955 4427 1011 4487 tibi
1036 4425 1067 4486 id
1091 4446 1109 4486 a
1132 4425 1271 4486 dominis
1300 4422 1612 4485 administratoribus
1640 4441 1729 4482 man-

274 4531 385 4594 datum
416 4542 472 4605 est,
495 4542 530 4593 ut
553 4534 584 4592 in
607 4550 703 4592 causa
735 4529 956 4592 matrimoniali
987 4549 1029 4590 ex
1059 4531 1216 4591 sententia
1245 4539 1278 4590 et
1307 4527 1436 4591 arbitrio
1466 4525 1534 4587 laici
1561 4525 1729 4605 procedas,

273 4656 380 4717 aequo
404 4638 512 4697 animo
542 4635 619 4709 fer0,
643 4654 748 4716 neque
779 4654 830 4694 me
859 4637 891 4695 in
922 4636 1116 4713 provinciam
1149 4633 1225 4694 nihil
1255 4632 1296 4693 ad
1327 4651 1379 4692 me
1406 4632 1619 4710 pertinentem
1644 4633 1730 4711 quic·

274 4760 372 4821 quam
396 4742 580 4802 intromitto
615 4738 740 4817 Quodsi
762 4758 858 4801 causa
881 4738 962 4799 haec
984 4756 1033 4812 e0,
1056 4757 1122 4817 quo
1146 4748 1289 4798 caeterae
1313 4735 1425 4807 solent,
1449 4753 1539 4795 more
1563 4735 1621 4795 tibi
1644 4733 1730 4795 dele·

273 4856 347 4927 gata
370 4854 427 4918 est,
447 4846 577 4905 minime
599 4863 739 4923 aequum
762 4845 898 4905 arbitror
922 4842 1017 4917 litem,
1041 4845 1089 4903 cui
1113 4841 1202 4902 facile
1225 4843 1412 4902 auctoritate
1434 4850 1489 4901 tua
1512 4837 1583 4899 finis
1606 4838 1731 4917 imponi

273 4949 384 5030 possit,
408 4949 449 5010 de
473 4948 523 5009 die
547 4951 578 5009 in
601 4949 685 5010 diem
710 4947 833 5019 differri,
858 4949 1000 5007 maxime
1023 4966 1097 5008 cum
1121 4946 1289 5007 dilationes
1320 4944 1400 5005 tales
1423 4962 1488 5004 non
1511 4943 1619 5004 solum
1642 4940 1733 5004 alteri

274 5055 410 5131 partium
434 5072 590 5114 onerosae
613 5055 683 5126 sint,
706 5052 762 5113 sed
786 5053 882 5112 etiam
906 5053 937 5112 in
962 5050 1136 5129 periculum
1160 5053 1339 5110 animarum
1363 5058 1501 5129 vergant.
1529 5045 1616 5107 Nam
1641 5044 1733 5128 quod

274 5158 320 5216 ais
342 5175 417 5217 eum
440 5159 507 5217 sine
530 5176 627 5218 causa
650 5156 702 5218 die
725 5154 912 5234 iampridem
936 5175 956 5215 a
978 5166 1010 5216 te
1033 5153 1199 5233 praefinita
1221 5171 1409 5233 comparere
1432 5150 1580 5224 noluisse,
1601 5148 1731 5213 ostendi

277 5271 382 5338 potest
408 5272 438 5321 te
462 5261 531 5335 salli,
555 5279 660 5341 neque
688 5262 716 5321 ei
746 5259 884 5320 defuisse
914 5278 1053 5331 causam,
1077 5269 1190 5338 utpote
1213 5276 1287 5319 cum
1310 5257 1410 5318 homo
1433 5255 1615 5317 msticanus
1639 5266 1734 5330 esset,
