3696 5836
1535 373 1588 425 203

137 604 202 647 non
224 585 330 648 solum
354 587 414 648 tori
434 584 492 648 sed
516 587 612 648 etiam
635 586 814 649 studiorum
838 586 893 648 tibi
916 588 1003 649 socia
1025 587 1071 649 sit.
1096 585 1166 669 Ego
1189 597 1275 648 certe
1297 587 1413 659 nescio,
1432 604 1474 647 an
1489 604 1586 667 quem

137 691 167 751 in
190 689 362 753 Germania
384 709 427 752 ex
449 692 628 774 coniugatis
650 693 758 774 magni
784 691 814 752 in
837 691 934 754 literis
956 692 1095 753 nominis
1120 693 1333 774 cognoverim.
1364 689 1455 754 Vale.
1483 689 1587 754 Datae

138 793 400 874 Hassensteynae
424 795 473 859 11.
495 793 694 860 Decembris.

222 980 371 1035 Pouevadi
384 981 519 1036 neznime
532 983 681 1046 adresaata,
697 983 861 1037 uemdieme
874 1000 911 1037 na
922 984 1036 1038 vrodenl
1054 984 1100 1038 ani
1113 984 1262 1055 pomysliti.
1280 986 1330 1055 Jen
1347 984 1459 1037 zmlnlra
1471 1002 1488 1037 o
1501 985 1586 1038 Hroz·

136 1067 192 1122 vite
209 1067 363 1137 poutazuje
387 1069 509 1133 ktomu,
527 1068 559 1123 ie
584 1069 631 1123 list
655 1069 760 1139 napsdn
785 1087 860 1139 por.
880 1069 956 1134 1501,
974 1070 1089 1126 11010110
1108 1072 1201 1127 Celtes
1219 1091 1236 1125 v
1256 1070 1425 1126 Normberce
1450 1071 1505 1124 dila
1529 1071 1586 1124 teto

136 1155 299 1210 stiedovillre
317 1154 448 1226 blsnllky
466 1156 556 1226 vydal.

830 1405 899 1470 173.

207 1541 427 1616 Bohuslav
456 1544 514 1618 M.
538 1543 649 1638 Janu
678 1543 875 1631 Paskovi,
904 1542 1088 1617 kancleii
1116 1541 1514 1618 Staromestskemu.

220 1711 508 1771 titulusita-tt.
528 1712 616 1772 ledna.
644 1714 820 1784 Odporutuje
845 1714 987 1769 kiadosti
1012 1717 1112 1769 otcove
1138 1715 1268 1769 mladeho
1291 1716 1362 1784 Jana
1385 1715 1529 1768 Schmidla
1554 1733 1585 1769 ze

135 1799 222 1864 Chbu,
234 1800 313 1869 lrtery
326 1799 400 1869 pieje
413 1801 437 1854 si
450 1800 554 1870 bydletl
567 1819 585 1855 u
598 1802 696 1865 Pasira,
709 1801 764 1871 aby
776 1819 806 1855 se
819 1800 918 1871 piiueil
933 1801 1035 1871 jazyku
1047 1801 1187 1856 ceslremu.
1206 1802 1285 1871 (Luc.
1297 1801 1355 1866 149,
1368 1801 1519 1872 1110111011)1
1533 1800 1587 1870 31.)

221 1976 376 2059 Magistro
404 1976 528 2057 Joanni,
559 1990 777 2061 cognomento
809 1979 922 2052 Paiek,
952 1978 1140 2041 cancellario
1170 1978 1333 2059 Antiquae
1362 1979 1495 2041 civitatis
1518 1979 1589 2040 Pra-

134 2083 248 2164 gensis,
276 2099 300 2143 s.
323 2101 352 2162 p.
376 2080 407 2142 d.
436 2079 576 2143 ludocus
598 2080 756 2164 Egrensis,
788 2093 1005 2165 cognomento
1035 2080 1186 2157 Schmidl,
1218 2082 1325 2145 multis
1355 2085 1418 2144 iam
1444 2085 1535 2144 annis
1556 2085 1589 2144 in

134 2205 191 2248 sua
218 2184 380 2265 republica
410 2186 526 2264 opibus
557 2185 798 2266 honoribusque
829 2186 936 2249 floret:
967 2188 994 2249 is
1024 2185 1123 2248 filium
1153 2206 1247 2249 suum
1274 2187 1434 2268 Joannem
1464 2186 1590 2270 linguae

134 2300 262 2352 nostrae
284 2287 502 2351 addiscendae
524 2290 625 2371 gratia
641 2291 671 2350 in
688 2291 901 2352 contubernio
923 2301 981 2352 tuo
997 2309 1068 2350 esse
1090 2291 1185 2370 cupit,
1210 2300 1242 2352 et
1257 2293 1410 2369 quoniam
1430 2310 1482 2351 mc
1498 2301 1590 2369 putat

134 2395 322 2456 auctoritate
345 2393 433 2471 apud
457 2403 488 2455 te
510 2393 622 2467 valere,
653 2413 728 2454 eum
760 2395 816 2457 tibi
847 2394 942 2456 literis
969 2396 1050 2455 meis
1080 2394 1306 2456 commendari.
1341 2394 1376 2456 ld
1407 2414 1469 2477 ego
1500 2393 1589 2455 facilc

134 2519 154 2560 a
175 2517 227 2559 me
250 2499 412 2577 impetrari
442 2516 556 2576 passus
579 2516 667 2559 sum:
698 2516 773 2559 nam
801 2510 832 2560 01
863 2498 1020 2561 ludocum
1042 2519 1119 2561 amo
1150 2510 1181 2561 et
1201 2498 1367 2579 loannem,
1398 2508 1512 2578 utpote
1534 2501 1588 2578 qui

135 2604 166 2664 in
188 2601 304 2663 familia
335 2619 408 2662 mea
434 2620 577 2681 apuero
608 2601 763 2664 educatus
794 2602 954 2682 literisque
984 2602 1126 2665 eruditus
1156 2613 1212 2664 est.
1246 2601 1469 2682 Quamobrem
1499 2621 1587 2663 com-

136 2705 254 2767 mendo
285 2704 341 2767 tibi
370 2705 543 2786 plurimum
574 2704 823 2780 adolescentem,
853 2725 1038 2786 precorque,
1068 2725 1133 2767 non
1160 2705 1266 2768 solum
1289 2718 1323 2768 ut
1345 2725 1420 2768 eum
1450 2706 1588 2787 benigne

135 2811 284 2889 excipias,
306 2808 365 2871 sed
388 2811 484 2870 etiam
507 2820 542 2872 ut
564 2811 607 2871 ita
630 2820 746 2872 tractes
761 2822 858 2890 atque
880 2813 1034 2887 instituas
1057 2830 1099 2872 ne
1120 2829 1194 2891 spes
1209 2813 1466 2890 expectatioque,
1489 2829 1587 2891 quam

135 2913 175 2976 de
197 2912 403 2976 adolescente
417 2916 631 2992 concepimus,
655 2933 716 2976 nos
739 2914 832 2989 fallat,
855 2925 953 2995 atque
969 2926 1003 2976 ut
1019 2915 1116 2977 talem
1140 2914 1265 2988 reddas,
1289 2925 1324 2975 ut
1343 2915 1484 2988 fortunis,
1508 2933 1588 2995 quas

134 3038 153 3079 a
175 3018 351 3079 maioribus
373 3027 562 3097 accepturus
585 3028 642 3092 est,
666 3017 781 3100 dignus
804 3020 851 3080 sit.
876 3017 911 3079 ld
934 3037 1000 3080 non
1024 3019 1100 3080 mihi
1123 3028 1248 3079 tantum
1263 3037 1372 3079 verum
1395 3020 1491 3079 etiarn
1508 3019 1588 3096 patn'

134 3132 316 3203 patruoque
342 3140 403 3183 suo
426 3140 624 3205 magnopere
653 3133 778 3204 gratum
809 3132 906 3202 atque
933 3132 1101 3201 acceptum
1130 3125 1201 3183 erit:
1233 3140 1338 3201 neque
1368 3121 1588 3183 dubitabimus

135 3228 222 3288 omni
244 3245 320 3288 cura
341 3225 568 3308 diligentiaque
591 3228 675 3301 eniti,
699 3227 829 3306 quando
854 3224 902 3308 (ut
924 3245 974 3288 res
997 3226 1157 3287 humanae
1172 3227 1276 3287 variae
1298 3225 1384 3305 sunt)
1408 3245 1479 3287 sese
1495 3225 1588 3287 obtu-

134 3329 201 3392 lerit
228 3331 364 3401 occasi0,
401 3341 436 3392 ut
465 3330 521 3392 tibi
551 3331 685 3414 gratiam
715 3350 813 3411 quam
843 3331 1092 3393 cumulatissime
1122 3331 1303 3392 referamus.
1338 3328 1429 3391 Vale.
1466 3328 1588 3391 Datum

136 3433 397 3514 Hassensteynae
422 3434 470 3498 12.
489 3433 639 3515 Januarii.

220 3621 329 3674 Rodina
347 3620 492 3674 Schmidlll
516 3620 642 3675 naleiela
659 3639 693 3674 ve
712 3620 791 3675 Chbu
816 3621 1096 3690 knejzamolnejslm
1121 3639 1138 3674 a
1166 3620 1388 3689 nejvaienejslm.
1416 3621 1485 3675 an
1510 3622 1588 3690 posel

133 3709 257 3762 0011101111
274 3707 348 3761 krtle
365 3707 452 3777 Jittho
470 3709 530 3778 Joit
547 3724 563 3760 z
581 3707 750 3770 Einsiedeln,
769 3709 913 3776 povy'seny
931 3709 967 3761 do
986 3717 1066 3761 stavu
1084 3708 1239 3776 rytitsktho
1258 3726 1274 3761 a
1292 3708 1373 3776 plsicl
1392 3726 1421 3761 se
1440 3708 1587 3776 zTy‘l‘ova,

131 3794 214 3864 jehoi
233 3794 467 3863 lrorrespondenci
491 3812 522 3848 se
541 3794 648 3848 Chbem
668 3795 749 3863 vydal
768 3796 929 3849 Kiirschner
947 3814 964 3848 v
982 3795 1024 3848 39.
1043 3813 1082 3848 sv.
1103 3795 1225 3848 Archivu
1244 3795 1262 3847 1.
1281 3796 1377 3847 listerr.
1398 3795 1501 3848 Gesch.
1527 3796 1589 3864 Jost

133 3883 186 3950 pale
203 3899 221 3933 v
239 3880 303 3934 liste
321 3885 418 3935 nasein
443 3881 557 3948 mlneny
575 3881 698 3935 zastdval
716 3898 733 3933 v
753 3881 815 3934 obci
835 3881 961 3935 Chebslre
986 3881 1083 3934 eestnk
1110 3881 1240 3935 hodnosti
1259 3899 1276 3933 v
1295 3883 1386 3935 letech
1407 3881 1588 3944 troo-1512,

133 3986 169 4037 po
188 3971 252 4022 nem
272 3969 325 4037 palr
343 3985 396 4037 ayn
412 3966 478 4036 jeho
495 3969 557 4037 Jan,
570 3969 621 4021 zde
640 3968 758 4021 Paskovi
778 3968 964 4038 odporueeny,
984 3986 1001 4020 v
1014 3969 1105 4022 letech
1121 3968 1301 4021 totu-1545.
1320 3969 1381 4036 (Viz
1399 3969 1491 4031 Gradl,
1505 3969 1588 4022 Chro-

133 4055 217 4109 nilren
242 4056 292 4109 der
309 4054 390 4108 stadt
408 4056 495 4122 Eger;
520 4056 592 4122 Prag
612 4053 679 4107 1884
702 4062 748 4108 str.
767 4054 837 4121 404.)
870 4056 959 4109 Pasek
983 4055 1036 4109 stal
1060 4073 1090 4108 se
1115 4057 1343 4125 staromestslry'm
1370 4056 1526 4109 lrancleiem
1552 4072 1587 4124 po

133 4141 212 4196 smrti
230 4142 267 4196 M.
286 4143 412 4211 Prokopa
431 4141 564 4211 (Palaclry
583 4141 710 4211 ptidtvt:
729 4141 812 4194 tusim
834 4142 919 4208 14118),
939 4142 946 4194 1
966 4142 1095 4210 pracoval
1114 4160 1131 4194 v
1150 4142 1234 4195 diade
1252 4150 1310 4195 tom
1329 4142 1440 4195 1101101111
1458 4142 1504 4195 101.
1528 4143 1587 4210 (Pa-

133 4228 215 4298 laclry
232 4229 267 4291 V,
284 4227 310 4291 2,
327 4227 398 4296 tot.)
416 4229 502 4282 Podle
520 4229 666 4282 Tomlrova
684 4228 838 4297 iivotopisu
857 4228 940 4282 101101
959 4229 1049 4283 Pasira
1067 4247 1084 4281 v
1104 4216 1166 4282 Cas.
1185 4231 1255 4283 Mus.
1272 4229 1338 4282 1844
1359 4231 1411 4282 stal
1430 4248 1460 4283 se
1479 4228 1587 4282 kancle·

132 4318 192 4368 iem
212 4315 294 4369 okolo
314 4314 615 4384 1500apresta1byti
634 4333 654 4369 r.
674 4314 750 4368 1509.
769 4316 794 4368 V
813 4322 873 4369 tuto
892 4315 964 4368 dobu
984 4315 1059 4369 tudli
1078 4315 1168 4369 naleil
1187 4317 1237 4369 nai
1257 4316 1310 4370 list.

830 4598 899 4662 114.

408 4735 628 4809 Bohuslav
657 4735 901 4809 Matousovi
928 4759 951 4808 z
978 4735 1314 4810 Donnersdorfu.

220 4903 341 4963 zutian
361 4936 393 4943 —
412 4905 457 4960 28.
477 4903 544 4961 :tit
573 4906 710 4959 Omlouva
728 4923 767 4968 se,
786 4906 818 4960 ie
842 4906 970 4975 nepouiil
991 4906 1058 4975 jeho
1084 4906 1194 4974 pomoci
1215 4923 1233 4958 v
1251 4905 1405 4960 zaleiitosti
1425 4905 1552 4975 peneini.
1572 4923 1589 4957 a

133 4991 232 5060 delruje
250 5009 284 5046 za
302 4992 459 5062 platelslrou
480 4993 591 5046 ochotu.
611 4994 701 5060 (Nova
720 4992 801 5062 epist.
820 5010 882 5062 app.
902 4992 978 5057 411.)

221 5168 385 5231 Mattltaeo
415 5169 456 5229 de
486 5168 724 5231 Donuersdorfl
743 5191 766 5231 s.
791 5191 820 5249 p.
845 5169 874 5230 d.
913 5168 1020 5230 Audio
1049 5182 1078 5230 te
1110 5169 1250 5230 nonnihil
1281 5168 1409 5243 offendi,
1440 5168 1527 5248 quod
1556 5171 1586 5229 in

133 5291 167 5333 re
184 5275 362 5351 pecuniaria
385 5276 511 5337 alterius
535 5293 597 5355 ope
621 5292 718 5359 quam
741 5284 796 5335 tua
818 5276 863 5336 uti
880 5273 1051 5341 maluerim.
1076 5270 1245 5335 Caeterum
1262 5285 1400 5347 nonest,
1419 5272 1587 5352 ntauhaee,
