3660 5850
889 679 939 742 26.

258 818 431 892 Oldiich
459 842 482 890 z
508 816 841 902 Freundsberka,
871 816 1021 911 biskup
1051 816 1317 912 Tridentsky,
1347 816 1565 890 hardinalu

806 936 1029 1031 Juhanovi

275 1127 442 1185 ZTridenltt
462 1129 527 1185 1490
557 1159 574 1166 -
596 1128 623 1183 8.
643 1140 716 1199 proc.
745 1125 919 1195 Odporucuje
938 1125 1012 1178 vtele
1032 1126 1190 1178 Bohuslava
1210 1127 1225 1178 k
1244 1126 1396 1194 biskupstvl
1417 1127 1637 1182 Olomouckemu

185 1216 277 1282 (Nova
294 1231 356 1283 app.
375 1214 455 1283 epist.
474 1232 491 1266 v
504 1213 613 1281 ύνοάὄ).

272 1409 441 1472 Udalricus
457 1407 714 1486 archiepiscopus
730 1406 936 1468 Tridentinus
959 1406 1164 1467 reverendiss.
1188 1411 1219 1468 in
1236 1405 1363 1470 Christo
1381 1408 1463 1470 Patri
1487 1429 1523 1469 ac
1539 1410 1580 1471 D.
1597 1409 1636 1471 D.

184 1514 309 1595 Juliano
333 1513 364 1576 S.
388 1514 424 1575 R.
449 1511 483 1574 E.
508 1511 658 1573 cardinali
691 1510 863 1583 llostiensi,
887 1522 944 1572 etc.
976 1523 1049 1590 post
1080 1511 1232 1572 humilem
1263 1511 1578 1574 commendationem
1602 1533 1638 1575 ac

166 1619 329 1680 debitam
353 1618 558 1679 reverentiam
583 1636 605 1675 s
629 1615 659 1675 d.
683 1614 957 1676 Reverendissime
980 1614 1019 1676 D.
1043 1614 1205 1694 Quoniam
1228 1615 1260 1676 P.
1284 1614 1324 1676 V.
1347 1614 1383 1676 R.
1408 1635 1466 1694 pro
1489 1617 1638 1698 erigendo

186 1734 271 1783 statu
287 1722 479 1800 reipublicae
495 1719 691 1783 Christianae
706 1721 976 1798 cupientissimam
993 1739 1063 1781 esse
1079 1739 1193 1781 omnes
1209 1720 1344 1781 fatemur
1359 1730 1391 1780 et
1406 1720 1639 1802 praedicamus

187 1839 218 1887 ct
241 1827 393 1905 quoniam
410 1843 545 1906 regnum
562 1824 601 1885 N.
618 1821 709 1905 (roz.:
735 1821 920 1903 Bohemiae)
945 1824 989 1883 ob
1006 1842 1080 1884 suas
1104 1823 1251 1884 haereses
1266 1825 1296 1884 in
1313 1835 1457 1885 sanctam
1474 1825 1639 1887 ecclesiam

186 1930 376 1991 catholicam
400 1941 432 1990 et
455 1928 663 2008 apostolicam
695 1929 1011 1989 conturnacissimum
1036 1938 1092 2001 est,
1123 1929 1174 2001 ita,
1197 1938 1232 1989 ut
1255 1946 1297 1988 ex
1320 1929 1471 1990 omnibus
1501 1928 1640 1991 ecclesiis

186 2032 424 2095 cathedralibus
455 2030 540 2093 nulla
569 2034 609 2093 sit
640 2051 739 2111 quam
769 2029 994 2092 Olomucensis
1029 2030 1164 2111 reliqua;
1199 2043 1230 2093 et
1266 2034 1427 2112 quoniam,
1459 2033 1534 2112 quid
1566 2033 1639 2096 mali

186 2137 337 2199 ductores
367 2138 408 2198 ibi
431 2154 598 2217 perperam
629 2136 749 2217 egerint
773 2147 828 2196 aut
859 2145 962 2216 agant,
993 2152 1035 2194 ex
1065 2135 1219 2214 episcopo
1250 2135 1327 2196 olim
1352 2135 1559 2211 Merindolae,
1583 2140 1637 2217 qui

186 2242 245 2303 illic
268 2253 325 2314 est,
349 2241 438 2303 facile
460 2243 601 2313 sentitur,
632 2251 666 2301 ut
697 2250 784 2301 certa
807 2241 847 2300 sit
876 2240 1071 2319 suppuratio,
1102 2238 1180 2318 quid
1211 2239 1316 2300 bonus
1342 2252 1454 2319 pastor
1477 2254 1637 2320 praestare

185 2347 304 2407 valeat:
336 2364 408 2428 ego,
430 2346 486 2424 qui
509 2342 649 2406 intellexi
673 2343 714 2406 ad
743 2346 964 2423 episcopatum
989 2341 1242 2404 Olomucensem
1273 2343 1445 2405 desiderari
1476 2346 1639 2424 quendam

186 2451 342 2511 baronem
365 2448 547 2523 Bohemiae,
571 2448 766 2510 Bohuslaum
797 2447 838 2508 de
863 2445 1043 2524 Hasisteyn,
1067 2447 1196 2509 fratrem
1223 2447 1304 2509 illius
1324 2448 1463 2528 loannis,
1486 2453 1540 2529 qui
1564 2451 1640 2512 olim

185 2564 297 2615 orator
319 2553 375 2615 luit
410 2552 452 2615 ad
476 2553 706 2625 Innocentium,
730 2570 815 2612 nunc
845 2569 963 2628 papam
997 2561 1143 2613 nostrum
1166 2550 1251 2626 Vlll,
1288 2553 1465 2614 existimavi
1495 2572 1639 2616 mearum

185 2660 324 2738 partium
346 2676 424 2729 esse,
449 2668 482 2719 ut
506 2677 566 2736 pro
589 2659 752 2718 communi
775 2656 909 2717 utilitate
933 2655 1126 2733 reipublicae
1149 2653 1345 2718 Christianae
1367 2657 1508 2719 eundem
1531 2661 1641 2734 virum,

185 2782 285 2842 quem
308 2761 469 2823 Ferrariae
492 2763 523 2822 in
539 2761 648 2849 iisdem
673 2760 808 2821 aedibus
831 2770 863 2820 et
887 2759 1127 2821 familiarissime
1144 2763 1347 2823 tractavimus
1370 2772 1401 2821 et
1417 2764 1638 2843 cognovimus

186 2866 225 2928 D.
250 2866 290 2926 V.
314 2865 350 2939 R.
373 2884 433 2943 pro
449 2867 579 2927 veritate
595 2865 698 2926 valide
715 2863 944 2926 commendare
954 2881 988 2925 n.
1010 2863 1068 2925 Est
1084 2883 1201 2943 nempe
1218 2883 1275 2942 per
1291 2867 1517 2927 conscientiam
1534 2886 1640 2928 meam

185 2981 313 3048 praeter
334 2970 545 3043 nobilitatem,
562 2982 687 3048 praeter
711 2971 806 3030 etiam
830 2966 870 3041 id,
895 2967 985 3047 quod
1001 2987 1044 3028 ex
1066 2988 1103 3029 ea
1120 2978 1168 3029 est
1194 2970 1304 3049 patria,
1327 2980 1359 3031 et
1374 2980 1500 3048 praeter
1515 2983 1640 3033 caetera

187 3076 273 3135 bona
304 3083 371 3133 tam
405 3083 539 3134 externa
573 3092 672 3152 quam
695 3072 839 3150 corporis
868 3073 913 3132 vir
940 3071 1036 3150 plane
1070 3072 1280 3145 doctissimus
1314 3073 1458 3136 eruditus
1491 3074 1587 3136 latine
1610 3086 1641 3136 et

186 3195 307 3260 graece,
330 3177 445 3249 rhetor,
462 3176 681 3255 philosophus,
705 3177 899 3254 iurisperitus
914 3186 945 3236 et
968 3177 998 3236 in
1014 3175 1127 3238 divinis
1150 3177 1235 3238 libris
1250 3196 1327 3239 sane
1351 3180 1536 3239 instructus:
1554 3179 1641 3240 unde

186 3280 338 3359 plurimas
368 3281 428 3342 sibi
458 3283 590 3341 virtutes
620 3283 816 3358 comparavit
844 3280 936 3353 ade0,
960 3292 995 3341 ut
1026 3282 1065 3342 sit
1088 3280 1264 3354 modestus,
1296 3282 1431 3356 sobrius
1463 3285 1640 3357 continens,

186 3405 291 3445 rerum
308 3385 520 3446 humanarum
536 3396 724 3458 contemtor,
750 3385 894 3466 pudicus
911 3395 1026 3457 castus,
1050 3394 1084 3445 ut
1101 3384 1175 3445 nihil
1193 3385 1346 3455 lasciviae,
1364 3386 1437 3447 nihil
1456 3386 1639 3447 deliciarum

187 3491 217 3549 in
245 3508 286 3549 eo
319 3488 514 3567 deprehendi
545 3492 655 3567 possit
693 3489 727 3549 ld
759 3488 930 3550 testimonii
961 3507 1018 3566 per
1048 3490 1274 3549 conscientiam
1310 3509 1415 3550 meam
1450 3488 1575 3561 damus,
1605 3504 1640 3552 ut

187 3591 225 3652 D.
249 3592 289 3652 V.
313 3592 359 3665 R,
382 3594 407 3653 si
431 3612 573 3673 unquam
597 3593 703 3673 aliqua
726 3603 774 3655 est
798 3593 874 3654 mihi
898 3592 986 3671 apud
1009 3592 1146 3653 eandem
1177 3592 1265 3663 fides,
1289 3613 1347 3672 pro
1371 3595 1549 3674 integritate
1572 3613 1639 3666 sua,

188 3696 266 3777 quid
289 3700 369 3758 inter
392 3696 569 3759 haereticos
593 3716 651 3776 pro
675 3696 922 3776 amplificatione
950 3699 1088 3758 nominis
1108 3696 1183 3776 Jesu
1207 3695 1321 3758 Christi
1344 3695 1525 3758 laciendum
1548 3709 1641 3769 esset,

187 3803 303 3863 certius
326 3801 480 3863 consulat.
512 3800 628 3863 Valeat
651 3801 682 3862 P.
708 3800 747 3861 V.
772 3800 817 3874 R,
841 3803 892 3861 cui
915 3819 967 3861 me
990 3799 1083 3861 valde
1105 3799 1309 3861 commendo.
1344 3798 1488 3861 Tridenti
1513 3800 1544 3861 in
1568 3819 1640 3861 arce

189 3917 298 3968 nostra
322 3904 400 3965 Boni
424 3904 555 3968 Consilii
579 3905 607 3968 8.
631 3905 682 3966 die
705 3904 895 3966 Decembris
922 3905 1012 3967 1490.

278 4109 413 4178 Uvedeny
432 4108 525 4162 vlistu
552 4110 715 4177 »episcopus
743 4109 808 4161 olim
828 4108 1013 4162 Merindolae‹
1043 4108 1191 4176 trozumej:
1217 4108 1398 4177 Mirandolae)
1423 4108 1478 4176 jest
1501 4108 1639 4176 Augustin

191 4197 299 4250 Lucian
318 4196 416 4265 biskup
435 4196 644 4265 Sankturinsty,
663 4197 741 4266 ktery
760 4197 795 4248 od
813 4213 834 4249 r.
854 4195 1090 4264 1-182-1493byt
1109 4213 1126 4247 v
1140 4182 1279 4249 Cechach.
1300 4197 1380 4249 Bratr
1394 4197 1573 4249 Bohuslavttv
1589 4197 1640 4264 Jan

191 4284 277 4337 ucinil
295 4302 315 4337 r.
336 4283 402 4335 148?
419 4283 541 4351 jmenem
567 4283 641 4337 krale
660 4283 818 4336 Vladislava
842 4283 938 4351 papeii
964 4283 1150 4351 poslusenstvi
1179 4284 1297 4336 zaroveh
1317 4284 1433 4336 sttou
1453 4269 1640 4351 Svihovslrym

190 4371 407 4425 zRiesenberka
430 4371 559 4438 (Palaclry'
579 4372 611 4432 V,
631 4371 654 4433 1,
672 4368 745 4437 272),
763 4387 800 4423 na
812 4370 888 4422 ktere
902 4388 932 4423 se
945 4388 961 4420 v
975 4370 1038 4422 listu
1052 4370 1154 4422 nardii.
1174 4370 1329 4438 Opisateli,
1348 4370 1467 4437 pouhem
1487 4368 1641 4438 biskupovi,

191 4475 284 4511 srovn.
304 4475 383 4525 pozn.
402 4458 418 4510 k
438 4457 531 4510 listttm
549 4457 568 4508 2
585 4474 602 4510 a
622 4456 661 4509 lb.
691 4442 798 4509 Ucinelr
818 4456 881 4509 listu
900 4457 998 4510 tohoto
1017 4473 1033 4505 v
1048 4444 1127 4508 l'lime
1146 4456 1228 4526 nebyl
1248 4456 1346 4525 ladny',
1365 4456 1450 4509 nebot
1465 4455 1503 4524 jil
1522 4456 1563 4507 20.
1583 4474 1641 4524 pro·
1707 4507 1711 4518 ,

191 4546 270 4598 since
297 4543 365 4595 1490
391 4544 536 4611 oznamuje
564 4542 650 4612 papei
674 4544 814 4595 lnnocenc
834 4542 896 4595 Vlll
924 4543 1042 4611 hapitole
1067 4543 1247 4606 Olomouche,
1275 4544 1307 4597 ie
1329 4543 1469 4611 jmenoval
1497 4542 1641 4611 biskupem

191 4633 335 4685 kardimlla
352 4630 484 4684 Ardicina
504 4631 575 4683 della
594 4632 684 4692 Porta,
703 4630 820 4698 biskupa
838 4648 856 4682 v
868 4630 952 4683 Alerii
972 4648 1008 4682 na
1021 4634 1130 4682 ostrove
1150 4630 1265 4683 Korsice
1283 4631 1402 4697 (Listina
1421 4647 1437 4682 o
1456 4638 1514 4684 tom
1528 4648 1545 4681 v
1559 4629 1641 4697 kapit.

191 4723 268 4773 arch.
288 4719 510 4782 Olomouckem).
530 4719 600 4772 Pled
619 4718 676 4770 nlm
696 4735 731 4786 po
750 4717 875 4786 tratietyr
901 4719 949 4770 cas
967 4717 1094 4770 nekolika
1113 4718 1219 4770 mesico
1238 4719 1382 4786 spravoval
1406 4717 1560 4785 biskupstvl
1580 4717 1641 4769 Olo-

192 4807 311 4860 mouclre
330 4807 380 4874 Jan
400 4807 488 4868 Vltez,
507 4804 605 4874 biskup
625 4805 765 4872 Sremslq'r,
784 4811 878 4872 potom
897 4805 960 4858 take
980 4806 1095 4872 spravce
1113 4802 1267 4873 biskupstvl
1287 4805 1474 4858 Vldehskeho.
