3660 5850
874 382 954 445 1511.
1586 384 1639 440 223

183 600 329 678 prolana,
352 601 491 673 minima,
516 599 688 662 mediocria
711 610 808 679 atque
839 602 980 661 maxima
1007 598 1155 661 habenda
1178 601 1247 671 sint,
1271 598 1455 673 edocemur,
1478 609 1513 661 ut
1537 601 1639 662 ausim

185 715 297 783 aperte
319 703 426 765 dicere
449 705 628 782 sapientem
651 706 779 766 inveniri
802 705 910 784 aliquo
937 714 1033 783 pacto
1057 705 1109 764 vix
1132 720 1237 783 posse,
1262 705 1316 784 qui
1339 704 1379 766 sit
1400 703 1561 766 literarum
1583 720 1639 783 pe·

184 809 271 870 nitus
286 808 413 890 ignarus
436 818 468 871 et
490 827 611 887 expers
627 807 765 892 (excipio
788 809 872 870 viros
895 807 1044 870 divinitus
1067 808 1235 881 institutos,
1252 826 1390 887 quorum
1414 808 1544 870 scientia
1558 809 1639 869 sicut

186 929 338 990 suprema
360 914 403 974 ita
426 913 522 975 etiam
545 914 747 975 exactissima
771 908 927 994 habetur).
951 912 1068 975 Iccirco
1091 910 1180 992 quod
1203 911 1294 973 cibus
1317 911 1490 989 corporalis
1509 910 1583 973 facit
1598 909 1639 972 ad

186 1017 292 1090 vitam,
315 1014 348 1102 id
372 1017 476 1078 lacere
505 1016 582 1078 mihi
604 1016 699 1096 plane
720 1016 868 1080 videntur
896 1017 1005 1079 literae
1035 1016 1077 1078 ad
1106 1017 1324 1097 cognitionem
1347 1028 1444 1096 atque
1467 1015 1640 1088 scientiam,

185 1139 293 1201 eoque
307 1123 529 1200 praestantius,
545 1141 612 1201 quo
631 1140 733 1184 unum
755 1141 881 1206 corpus,
896 1125 1039 1183 animum
1061 1120 1195 1182 alterum
1218 1121 1273 1182 alit
1295 1131 1327 1183 et
1349 1123 1453 1183 nutrit.
1476 1120 1640 1200 Quoniam

185 1235 296 1286 autem
319 1224 496 1305 permultos
518 1225 696 1288 commodo
726 1237 817 1289 tanto
847 1246 886 1288 ac
909 1225 1061 1309 dignitate
1091 1226 1250 1287 literarum
1273 1226 1395 1287 abusos
1417 1227 1573 1298 novimus,
1596 1225 1640 1284 in·

185 1329 287 1390 sames
316 1329 385 1392 illas
415 1348 649 1410 saepenumero
680 1330 904 1393 reddiderunt:
936 1330 1023 1393 unde
1053 1350 1119 1392 non
1151 1350 1193 1391 ex
1223 1349 1258 1391 se
1285 1328 1343 1390 sed
1371 1348 1414 1390 ex
1436 1331 1507 1410 ipso
1530 1327 1639 1390 utendi

187 1432 289 1495 modo
312 1433 419 1496 literae
449 1437 537 1514 ipsae
566 1433 614 1496 vel
648 1436 804 1497 honestae
827 1435 876 1496 vel
899 1445 1008 1516 turpes
1039 1434 1128 1506 fiunt,
1152 1453 1208 1513 per
1230 1454 1311 1514 quas
1341 1445 1449 1496 tamen
1474 1431 1561 1494 multi
1586 1432 1641 1493 viri

186 1540 316 1619 ingenio
338 1538 408 1600 freti
429 1541 591 1617 sapientes
612 1539 684 1601 lacti
708 1549 791 1612 sunt,
813 1541 867 1620 qui
890 1557 956 1600 non
980 1539 1040 1601 sibi
1063 1538 1164 1602 modo
1191 1537 1250 1600 sed
1272 1538 1422 1600 omnibus
1445 1536 1641 1616 prosuerunt,

186 1662 231 1703 ex
253 1642 372 1722 quibus
394 1641 538 1704 nonnulli
561 1644 657 1705 urbes
679 1655 711 1706 et
734 1642 873 1723 populos
896 1642 938 1705 ad
962 1645 1148 1705 societatem
1175 1654 1207 1704 et
1230 1644 1384 1704 unitatem
1407 1642 1640 1703 sanctissimam

186 1745 417 1821 devinxerunt;
439 1745 489 1808 alii
511 1748 671 1822 institutis,
686 1747 818 1829 legibus,
834 1747 977 1810 moribus
999 1746 1041 1809 ad
1063 1749 1214 1810 iustitiam
1238 1756 1269 1807 et
1292 1757 1438 1808 mutuam
1454 1745 1641 1807 charitatem

188 1849 337 1913 homines
352 1850 570 1932 pellexerunt;
593 1852 726 1914 nonnuli
744 1855 809 1915 suis
825 1854 950 1932 scriptis
972 1851 1113 1914 humana
1135 1851 1350 1932 coelestiaque
1365 1851 1533 1931 explorata
1548 1849 1643 1912 nobis

188 1954 400 2035 reliquerunt;
429 1954 571 2034 denique
601 1956 706 2018 nullae
736 1967 803 2018 tam
834 1958 990 2019 barbarae
1020 1968 1131 2038 gentes
1160 1966 1193 2018 et
1223 1958 1370 2019 nationes
1399 1955 1533 2029 luerunt,
1557 1973 1642 2034 quae

188 2058 346 2121 beneficio
368 2058 530 2122 literarum
559 2072 591 2122 et
618 2059 660 2122 ad
682 2062 830 2123 virtutem
860 2072 892 2123 et
922 2060 1051 2123 laudem
1081 2062 1238 2123 formatae
1268 2058 1443 2141 aliquando
1473 2077 1539 2121 non
1562 2061 1641 2121 sint:

188 2173 301 2224 contra
324 2162 374 2235 illi,
397 2163 514 2243 quibus
543 2183 677 2244 parvum
700 2175 732 2227 et
754 2174 942 2245 corruptum
972 2165 1134 2247 ingenium
1160 2175 1192 2226 et
1214 2165 1398 2246 inquinatus
1427 2165 1553 2225 animus
1576 2163 1640 2237 luit,

189 2265 305 2328 eadem
334 2269 405 2346 ipsa
434 2266 595 2329 literarum
625 2270 787 2349 agnitione
818 2278 916 2349 atque
946 2270 1057 2348 peritia
1088 2271 1210 2330 maiora
1241 2285 1486 2348 praesumpsere
1515 2264 1642 2350 flagitia,

189 2389 287 2452 quam
311 2372 442 2433 istarum
464 2389 607 2450 unquam
637 2374 736 2454 ignari
767 2383 799 2435 et
829 2374 966 2453 imperiti
997 2373 1142 2435 meditari
1169 2375 1466 2453 praesumpsissent,
1489 2372 1642 2451 fuereque

191 2473 236 2557 (ut
258 2475 301 2538 de
323 2474 526 2556 eloquentiae
549 2477 665 2538 viribus
688 2474 801 2539 Cicero
824 2473 938 2559 inquit)
961 2479 1070 2540 literae
1100 2476 1159 2539 illis
1189 2487 1318 2539 exertus
1340 2476 1435 2537 veluti
1464 2474 1588 2558 gladius
1610 2476 1642 2537 in

192 2599 288 2641 manu
310 2580 449 2641 fruentis.
488 2580 561 2660 Qua
584 2580 626 2643 de
649 2601 747 2643 causa
776 2591 808 2643 et
835 2581 982 2643 occidere
1011 2581 1136 2644 literam
1158 2591 1191 2642 et
1213 2579 1324 2643 inflare
1346 2582 1512 2643 scientiam
1535 2580 1643 2642 scribit

192 2684 373 2765 apostolus;
406 2696 438 2746 et
470 2682 690 2763 Hieronymus
719 2696 864 2748 sanctam
894 2688 1103 2748 rusticitatem
1133 2685 1227 2748 malle
1257 2706 1293 2747 se
1322 2687 1389 2747 sine
1418 2684 1514 2747 literis
1544 2702 1643 2763 quam

192 2788 320 2850 doctam
350 2789 568 2870 eloquentiam
598 2799 630 2850 et
660 2791 879 2869 peccatricem.
917 2787 1087 2870 Copiosius
1117 2809 1229 2852 eorum
1260 2790 1412 2868 exempla
1439 2789 1588 2851 Romana
1610 2788 1642 2848 in

193 2892 355 2972 republica
376 2905 507 2968 scatent,
524 2905 559 2957 ut
573 2895 622 2956 vel
638 2914 769 2979 graecas
791 2897 876 2974 ipsas
898 2895 948 2957 vel
970 2906 1114 2957 nostram
1137 2906 1169 2958 et
1191 2905 1333 2957 caeteras
1356 2894 1511 2957 barbaras
1530 2901 1643 2974 gentes

194 3007 397 3076 praeteream,
427 2999 481 3079 qui
511 2997 651 3062 honores
680 3001 741 3064 sibi
771 2999 918 3079 publicos
947 3011 1149 3079 usurparunt,
1176 3001 1318 3081 ingratos
1347 3000 1532 3070 asciverunt,
1559 2995 1643 3057 bella

195 3101 222 3162 in
244 3102 367 3182 patriae
389 3103 510 3165 viscera
531 3113 686 3183 tanquam
708 3106 815 3187 ignem
847 3104 1061 3180 incenderunt,
1084 3115 1210 3167 tantum
1236 3116 1366 3183 tamque
1389 3112 1561 3185 augustum
1584 3097 1643 3162 do·

195 3205 342 3267 micilium
357 3207 444 3268 orbis
460 3216 625 3282 terrarum,
640 3209 809 3289 imperium
825 3208 1019 3283 Romanum,
1035 3219 1222 3270 everterunt.
1245 3206 1418 3270 Plurimum
1441 3224 1519 3288 ergo
1541 3205 1642 3279 refert,

194 3308 267 3390 quid
289 3311 322 3371 in
344 3310 486 3393 legendis
516 3322 572 3373 aut
594 3311 754 3375 discendis
784 3313 949 3375 autoribus
978 3324 1067 3375 aetas
1097 3312 1149 3375 illa
1175 3310 1325 3385 iuvenilis,
1348 3308 1476 3391 qualem
1499 3319 1535 3371 tu
1557 3327 1643 3370 nunc

193 3413 312 3496 ingredi
327 3413 449 3489 videris,
465 3414 582 3497 eligere
596 3428 695 3498 atque
709 3417 801 3498 sequi
823 3427 855 3478 et
877 3416 1035 3479 declinare
1058 3417 1183 3480 debeat.
1207 3415 1291 3479 Nam
1316 3417 1342 3477 si
1364 3423 1477 3496 poetas
1492 3415 1643 3486 comicos,

193 3518 350 3601 elegiacos
372 3529 427 3580 aut
449 3522 606 3598 satyricos
628 3521 679 3583 vel
701 3520 849 3601 reliquos,
872 3540 1012 3602 quorum
1041 3521 1136 3601 aliqui
1166 3519 1409 3582 inverecundius
1438 3530 1493 3581 aut
1519 3518 1642 3596 turpius

191 3621 232 3684 de
254 3624 398 3685 moribus
420 3635 453 3685 et
475 3624 677 3704 voluptatum
699 3624 854 3688 illecebris
876 3627 1037 3706 scripsere,
1059 3624 1258 3708 evolvendos
1279 3633 1311 3686 et
1335 3622 1506 3686 discendos
1528 3621 1642 3704 eligere

191 3725 333 3800 volueris,
357 3738 450 3789 caute
471 3729 528 3791 tibi
554 3728 587 3791 id
610 3728 789 3792 admodum
818 3730 999 3793 faciendum
1022 3740 1054 3791 et
1076 3729 1329 3813 aggrediendum
1359 3729 1425 3801 erit,
1449 3745 1490 3788 ne
1510 3727 1642 3788 virtutes

191 3830 341 3912 colligens
364 3832 394 3892 in
418 3830 566 3895 flammas
595 3845 627 3896 et
656 3835 745 3916 ignes
776 3833 942 3896 libidinum
973 3838 1113 3896 incurras
1143 3846 1174 3896 et
1197 3836 1269 3897 vitia
1301 3850 1360 3912 pro
1382 3830 1550 3893 virtutibus
1572 3847 1642 3890 arn-

191 3935 350 4014 plectaris:
374 3935 486 4016 quales
508 3947 583 3999 sunt
604 3936 761 4013 Tibullus,
777 3935 929 4013 Catullus,
952 3938 1144 4019 Propertius,
1157 3937 1293 4002 Ovidius
1316 3948 1348 3999 et
1367 3933 1532 3998 Martialis.
1557 3931 1643 3994 lnest

191 4039 226 4102 iis
247 4040 333 4100 enim
355 4041 569 4103 commixtum
592 4043 713 4126 insigne
736 4041 855 4122 aliquid
886 4042 1016 4126 elegans
1045 4053 1143 4122 atque
1169 4044 1313 4104 eminens
1336 4058 1395 4102 ceu
1418 4039 1516 4118 spinis
1539 4056 1641 4110 rosae,

194 4161 273 4223 quae
295 4153 405 4205 tamen
435 4164 454 4205 a
484 4145 582 4223 spinis
610 4147 687 4226 ipsis
714 4145 897 4209 difficillime
927 4145 1031 4210 divelli
1061 4164 1158 4225 posse
1188 4145 1344 4217 videntur,
1366 4162 1442 4206 cum
1464 4143 1526 4203 sint
1549 4139 1643 4203 simul
1752 4208 1756 4214 ,

194 4245 399 4309 indissolubili
430 4267 516 4310 nexu
547 4249 793 4332 conglutinatae,
824 4262 855 4311 et
887 4250 1022 4312 honesta
1052 4269 1126 4312 cum
1156 4250 1303 4328 turpibus
1332 4249 1374 4310 ita
1404 4255 1581 4325 compacta,
1608 4256 1643 4307 ut

194 4349 323 4413 distrahi
345 4353 399 4412 vix
424 4371 523 4431 posse
553 4352 730 4415 credantur.
768 4353 944 4416 Prudenter
971 4355 1078 4435 itaque
1109 4352 1198 4415 Plato
1228 4354 1308 4416 tales
1338 4359 1451 4431 poetas
1482 4347 1644 4412 eiciendos

194 4456 324 4517 urbibus
345 4456 476 4530 censuit,
499 4468 531 4518 et
555 4455 642 4519 Zeno
665 4455 707 4520 ad
728 4460 968 4538 perceptionem
992 4457 1229 4536 disciplinarum
1252 4455 1326 4518 nihil
1350 4474 1420 4517 esse
1443 4465 1510 4516 tam
1533 4453 1644 4516 adver-

193 4576 262 4620 sum
285 4578 385 4640 quam
414 4562 574 4638 poeticam
605 4560 693 4622 dixit.
732 4558 844 4623 Cicero
867 4580 999 4641 quoque
1030 4581 1096 4622 non
1127 4562 1187 4622 alia
1217 4559 1258 4621 de
1281 4579 1377 4621 causa
1400 4561 1431 4620 in
1453 4556 1644 4620 Tusculanis

194 4661 335 4725 dolenter
357 4663 518 4743 improbat
541 4664 623 4727 tradi
646 4667 803 4748 magistris
826 4685 943 4744 pueros
967 4665 1009 4728 ad
1032 4664 1205 4745 depravata
1229 4665 1315 4725 initia
1335 4680 1499 4741 vanasque
1521 4661 1644 4740 opinio-

194 4785 255 4840 nes,
282 4767 400 4848 quibus
431 4767 534 4830 mollis
564 4768 614 4831 illa
641 4781 730 4831 aetas
759 4772 943 4851 aspergitur.
982 4769 1158 4843 Accedunt,
1189 4769 1298 4848 inquit,
1329 4774 1452 4846 poetae,
1483 4768 1537 4846 qui
1568 4782 1644 4826 curn

195 4888 342 4955 magnam
364 4873 503 4952 speciem
527 4871 691 4935 doctrinae
713 4875 951 4955 sapientiaeque
977 4896 1053 4956 prae
1075 4894 1110 4936 se
1133 4873 1268 4946 tulerint,
1291 4871 1471 4944 audiuntur,
1488 4868 1643 4951 leguntur,

193 4973 374 5036 ediscuntur
396 4987 429 5037 et
450 4976 674 5039 inhaerescunt
697 4981 823 5058 penitus
846 4980 877 5039 in
901 4980 1062 5041 mentibus
1085 4979 1210 5039 teneris
1235 4977 1343 5057 Quare
1366 4987 1398 5038 te
1420 4973 1593 5046 admone0,
1610 4982 1645 5032 ut

193 5078 351 5140 eiusmodi
366 5087 480 5157 poetas
494 5083 526 5142 in
542 5082 602 5143 hac
619 5082 740 5145 lubrica
763 5093 867 5144 aetate
890 5094 1046 5163 tanquam
1065 5100 1187 5143 venena
1202 5092 1235 5143 et
1250 5080 1523 5160 praesentissimas
1538 5088 1645 5155 pestes

193 5180 300 5265 fugias,
323 5181 477 5265 legasque
507 5196 540 5246 et
570 5185 674 5249 discas
704 5195 818 5265 poetas
848 5187 927 5261 illos,
958 5206 1042 5267 quos
1071 5185 1202 5260 Seneca,
1234 5184 1427 5256 Macrobius,
1451 5182 1645 5253 Lactantius,

194 5282 410 5366 Hieronymus
432 5299 464 5350 et
486 5285 685 5373 Augustinus
708 5289 880 5353 discendos
903 5289 1047 5353 suadent.
1085 5289 1238 5353 luvenalis
1261 5307 1335 5351 vero
1359 5286 1515 5366 satyricus
1538 5291 1645 5365 poeta,
