3660 5850
880 372 972 434 1489.
1613 375 1648 431 23

197 598 261 659 qua
277 579 358 642 latus
374 582 496 643 domini
513 585 801 646 transverberatum
819 597 875 658 est,
892 598 924 649 et
940 587 1092 668 pleraque
1109 589 1168 650 alia
1185 591 1253 650 eius
1267 591 1401 671 generis,
1414 607 1498 669 quae
1514 587 1647 650 demum

197 684 293 744 rebus
323 687 517 763 perturbatis
547 707 603 765 per
626 687 868 771 Sigismundum
895 690 1066 753 Caesarem
1101 693 1346 775 Nurenbergaru
1380 694 1531 756 translata
1565 704 1646 755 sunt.

197 787 301 850 Vetus
325 790 424 871 Praga
447 791 521 852 nulli
546 793 671 854 urbium
695 794 829 869 inferior,
857 798 922 857 sive
945 796 1163 859 salubritatem
1194 796 1274 860 coeli
1297 809 1328 860 et
1352 817 1473 871 eorum,
1498 817 1582 876 quae
1604 798 1646 859 ad

196 894 312 955 victum
335 897 503 972 pertinent,
537 899 664 974 copiam
699 899 832 978 inspicis,
867 901 932 960 sive
967 899 1201 962 multitudinem
1225 901 1334 981 populi
1366 914 1398 964 et
1428 900 1646 964 aedificiorum

196 1009 359 1059 ornatum:
383 1010 432 1062 est
448 1003 642 1078 praetorium
659 1002 798 1084 dignum,
822 1005 934 1085 inquo
951 1014 1059 1067 tantus
1082 1016 1212 1067 senatus
1235 1006 1276 1067 de
1292 1005 1455 1084 republica
1478 1005 1645 1068 consultet.

195 1101 253 1163 Est
276 1102 444 1185 collegium
468 1104 588 1179 Karoli,
612 1107 776 1188 singularis
800 1107 1008 1169 excellentiae
1032 1108 1157 1183 domus,
1189 1123 1238 1173 est
1261 1110 1358 1171 aedes
1381 1111 1475 1171 divae
1498 1109 1645 1191 Virginis

195 1226 293 1286 quam
316 1208 451 1269 Laetam
468 1207 596 1272 Curiam
611 1213 785 1272 nominant.
809 1212 923 1291 Neque
939 1223 1047 1273 tamen
1071 1212 1226 1291 templum
1250 1213 1312 1275 divi
1333 1213 1443 1294 Jacobl
1468 1224 1500 1276 et
1523 1224 1645 1276 ceteras

195 1312 352 1386 ecclesias,
375 1333 459 1394 quae
482 1314 545 1376 hoc
559 1324 707 1392 tempore
729 1326 850 1391 extant,
874 1326 1081 1378 contemnere
1096 1326 1239 1395 oportet;
1262 1337 1337 1378 nam
1361 1337 1511 1399 magnam
1534 1338 1645 1380 earum

194 1427 318 1498 partem
349 1438 392 1478 ex
420 1420 518 1481 ruinis
548 1418 652 1481 solum
681 1423 914 1500 cognoscimus.
953 1419 1054 1481 Annis
1076 1423 1161 1483 enirn
1191 1421 1307 1482 abhinc
1341 1424 1542 1503 septuaginta
1564 1424 1645 1484 inter

195 1533 300 1583 cetera
324 1522 407 1583 mala
431 1523 509 1584 baec
533 1542 664 1603 quoque
693 1526 792 1603 pestis
819 1524 906 1602 apud
936 1544 997 1586 nos
1020 1504 1122 1598 Ziilra,
1153 1536 1187 1587 ut
1210 1525 1322 1597 serunt,
1353 1537 1484 1587 auctore
1508 1525 1644 1598 inolevit,

195 1636 230 1688 ut
252 1626 405 1688 ecclesiae
428 1630 547 1706 passim
571 1629 702 1707 impune
729 1639 934 1702 vastarentur,
968 1641 1133 1708 tamquam
1164 1627 1297 1690 stultum
1328 1641 1413 1691 esset
1443 1631 1643 1690 maiestatem

194 1731 254 1803 dei,
278 1750 362 1811 quae
385 1732 512 1794 coelum
542 1744 725 1812 terramque
755 1733 864 1813 replet,
895 1731 1003 1812 templi
1028 1733 1203 1811 parietibus
1233 1731 1403 1794 includere.
1442 1730 1524 1794 Sunt
1547 1733 1647 1794 multa

194 1838 291 1896 etiam
314 1834 443 1914 publica
465 1839 651 1916 privataque
678 1836 823 1898 aedificia
850 1847 1031 1898 memoratu
1065 1835 1170 1919 digna,
1202 1855 1285 1915 quae
1308 1837 1425 1898 reserre
1448 1835 1646 1915 superfluum

194 1950 252 2001 est.
274 1939 404 2002 Aeneas
427 1940 561 2019 Sylvius,
593 1943 698 2004 omnis
722 1941 871 2002 historiae
900 1943 992 2002 unice
1022 1943 1174 2015 curiosuS,
1202 1943 1234 2001 in
1258 1941 1352 2013 libris,
1380 1960 1463 2020 quos
1487 1939 1648 2001 derebus

193 2047 310 2106 nostris
334 2047 524 2123 composuit,
549 2057 644 2126 negat
667 2046 802 2127 Pragam
826 2044 1007 2106 Florentiae
1030 2044 1153 2118 cedere,
1177 2046 1267 2106 cuius
1291 2047 1509 2105 testimonium
1533 2053 1647 2121 utpote

195 2147 261 2208 ltali
285 2168 325 2210 eo
341 2152 467 2230 gravius
482 2169 554 2211 esse
570 2149 676 2224 debet,
700 2149 789 2229 quod
807 2148 837 2210 id
853 2168 955 2229 genus
971 2149 1137 2209 hominum
1154 2151 1185 2209 in
1204 2147 1339 2229 gloriam
1355 2148 1403 2209 sui
1419 2147 1646 2209 effusissimum

193 2263 250 2313 est.
274 2252 428 2314 Veterem
452 2253 588 2335 Pragam
613 2256 723 2315 minor'
748 2255 847 2335 iungit
877 2272 960 2333 pons
984 2273 1001 2315 e
1024 2253 1184 2332 quadrato
1212 2253 1313 2314 lactus
1337 2251 1442 2331 lapide
1466 2262 1497 2313 et
1520 2251 1647 2312 duabus

193 2356 340 2429 turribus,
363 2376 499 2435 quarum
523 2358 685 2438 quaelibet
708 2376 805 2419 unam
836 2356 974 2419 fluminis
998 2360 1098 2435 ripam
1126 2369 1272 2435 occupat,
1300 2357 1500 2436 conspicuus.
1540 2354 1647 2416 Minor

192 2458 293 2540 Praga
316 2463 471 2522 memoria
495 2480 567 2523 mea
582 2464 680 2524 ruinis
702 2464 847 2523 universa
861 2461 1013 2523 deformis
1030 2473 1104 2534 erat,
1128 2463 1212 2522 cives
1235 2461 1279 2522 ob
1295 2463 1436 2538 inopiam
1460 2459 1606 2521 soedidas
1620 2454 1646 2539 ⁴)

193 2565 387 2626 exercebant
402 2576 495 2638 artes,
518 2569 648 2646 iamque
671 2586 711 2627 eo
728 2566 827 2627 lerme
842 2578 1037 2644 pervenerat,
1061 2576 1096 2627 ut
1111 2566 1164 2626 vix
1179 2583 1301 2626 nomen
1324 2566 1457 2626 civitatis
1480 2565 1645 2637 retineret;

191 2679 335 2729 ceterum
359 2688 443 2730 nunc
466 2671 527 2731 sub
550 2689 625 2751 rege
642 2668 820 2731 Wladislao
844 2669 1043 2750 aliquantum
1066 2689 1100 2729 se
1124 2671 1248 2749 erigunt
1272 2688 1377 2748 neque
1400 2668 1522 2742 dubito,
1546 2669 1572 2728 si
1594 2686 1646 2728 res

192 2791 300 2833 rursus
323 2775 493 2835 innovatae
516 2793 581 2834 non
605 2775 726 2847 fuerint,
750 2777 825 2853 quin
849 2773 935 2835 brevi
960 2785 1106 2854 tempore
1133 2783 1165 2834 et
1188 2773 1339 2834 aedificiis
1364 2784 1394 2835 et
1417 2774 1533 2834 civium
1556 2790 1646 2851 prae-

191 2879 306 2938 stantia
329 2877 411 2938 clara
435 2877 626 2957 illustrisque
649 2877 753 2940 lutura
776 2881 822 2940 sit.
851 2877 968 2938 Minori
996 2877 1115 2958 Pragae
1143 2897 1202 2938 arx
1226 2876 1392 2959 Pragensis
1423 2877 1576 2950 imminet,
1600 2877 1644 2936 in·

192 2981 289 3061 signis
309 2981 362 3043 illo
385 2981 482 3063 longe
498 2981 625 3062 lateque
648 2983 847 3044 memorabili
872 2981 934 3043 divi
950 2981 1017 3044 Viti
1041 2982 1170 3062 temp10,
1195 2984 1226 3042 ln
1249 2999 1409 3061 quocum
1433 2978 1534 3041 multa
1556 2999 1646 3042 sanc·

191 3095 296 3146 torum
319 3104 456 3164 corpora
479 3086 705 3161 reconduntur,
722 3099 791 3150 tum
814 3087 876 3148 divi
893 3085 1073 3160 Venceslai,
1090 3087 1145 3165 qui
1162 3086 1283 3164 primus
1299 3095 1406 3148 tantae
1423 3082 1516 3145 molis
1532 3082 1645 3145 sunda·

191 3200 298 3250 menta
322 3191 401 3251 iecit.
427 3188 532 3252 Huius
554 3190 707 3252 ecclesiae
730 3190 899 3270 pontifices
922 3190 1004 3251 ultra
1019 3189 1290 3269 metropoliticum
1314 3188 1415 3250 decus
1430 3190 1526 3251 etiam
1551 3188 1645 3268 legati

190 3311 323 3354 munere
340 3294 559 3376 fungebantur.
576 3294 690 3356 Exstat
706 3299 737 3356 in
753 3295 868 3356 eadem
885 3314 955 3356 arce
971 3294 1080 3356 nobile
1097 3293 1208 3355 Karoli
1225 3312 1308 3372 opus
1324 3292 1475 3354 sacellum
1491 3289 1646 3354 Omnium

189 3394 382 3458 Sanctorum
406 3399 521 3472 multis,
545 3409 580 3459 ut
596 3398 771 3477 perhibent,
795 3402 938 3477 periuriis
962 3398 1093 3470 infame,
1118 3400 1312 3460 coenobium
1337 3416 1468 3478 quoque
1488 3399 1643 3477 virginum

190 3501 265 3563 divo
289 3500 431 3583 Georgio
454 3504 603 3578 dicatum,
630 3504 719 3584 quod
744 3503 941 3577 Wratislaus,
965 3503 1027 3564 divi
1051 3502 1221 3564 Vcneeslai
1252 3514 1351 3580 pater,
1380 3500 1561 3563 condidisse
1584 3512 1646 3561 tra·

189 3606 281 3667 ditur.
304 3605 405 3687 Regia
428 3627 559 3688 quoque
582 3612 658 3686 ipsa,
682 3627 861 3687 quaecum
877 3607 952 3668 olim
975 3608 1150 3691 insignibus
1166 3609 1330 3669 structuris
1353 3608 1526 3684 conspicua
1551 3615 1644 3674 esset,

188 3720 304 3789 postea
327 3723 362 3772 ut
385 3714 494 3773 omnia
517 3714 547 3772 in
571 3715 661 3774 terris
677 3712 797 3773 caduca
821 3723 890 3774 tota
913 3714 1011 3773 lerme
1026 3722 1186 3774 vetustate
1202 3711 1343 3790 collapsa
1359 3720 1415 3772 est.
1438 3707 1504 3772 Sed
1520 3707 1645 3769 Wladi-

188 3815 275 3876 slaus
298 3834 356 3876 rex
379 3835 452 3876 eam
476 3836 577 3891 muro,
601 3816 694 3879 fossis
717 3827 747 3877 et
771 3835 888 3898 aggere
912 3818 1010 3877 mirae
1034 3815 1259 3897 magnitudinis
1282 3816 1389 3888 cinxit,
1413 3815 1530 3875 extruit
1554 3831 1644 3892 prae·

188 3931 275 3980 terea
306 3919 463 3999 quottidie
497 3931 586 3982 secto
617 3940 707 3994 saxo,
742 3923 869 4000 picturis
899 3932 992 3981 ornat
1022 3930 1054 3981 et
1084 3931 1174 3981 tanto
1204 3931 1334 3997 sumptu
1362 3927 1459 3997 atque
1491 3915 1643 3995 inpendio

188 4022 343 4097 aedificat,
367 4033 401 4085 ut
425 4026 504 4084 intra
519 4043 641 4102 paucos
664 4044 766 4085 annos
782 4043 855 4085 cum
879 4025 1157 4103 praestantissimis
1173 4021 1323 4100 Europae
1347 4022 1463 4102 opibus
1486 4030 1641 4081 certatura

188 4127 339 4188 videatur.
379 4128 420 4190 Et
442 4128 563 4210 Pragae
595 4129 724 4210 quidem
747 4130 825 4190 situs
854 4131 898 4190 ita
921 4149 955 4190 se
978 4128 1083 4190 habet.
1108 4126 1201 4188 Plebs
1231 4137 1339 4188 autem
1363 4127 1431 4204 ipsa
1453 4127 1552 4185 ventri
1577 4125 1642 4184 uni·

186 4250 279 4292 versa
301 4231 405 4305 servit,
421 4251 527 4311 neque
543 4234 715 4312 quicquam
739 4235 769 4292 in
786 4233 881 4294 rebus
896 4233 1042 4293 humanis
1058 4234 1129 4293 cibo
1146 4243 1177 4294 et
1193 4242 1273 4310 potu
1289 4229 1492 4309 expetibilius
1508 4228 1640 4302 iudicat,

187 4334 267 4415 snrgi
290 4345 322 4396 et
346 4337 376 4395 in
399 4336 482 4397 victu
512 4356 643 4414 parcum
675 4357 744 4397 csse
775 4339 806 4398 in
836 4338 961 4416 probris
991 4337 1127 4412 habent;
1161 4335 1283 4397 nullum
1313 4336 1454 4414 precium
1486 4352 1639 4414 magnum

186 4438 319 4511 videtur,
342 4440 369 4499 si
393 4438 470 4518 quid
493 4441 604 4501 venale
635 4453 691 4515 est,
715 4442 804 4519 quod
835 4441 941 4523 gulam
969 4440 1113 4502 delectat.
1152 4439 1320 4501 Ebrietatis
1351 4439 1487 4518 exiguus
1516 4434 1639 4515 pudor;

185 4541 292 4621 palam
317 4554 348 4605 et
371 4544 402 4603 in
426 4543 537 4621 plateis
560 4558 756 4624 computant,
787 4557 818 4607 et
850 4547 998 4623 quotiens
1030 4564 1112 4606 unus
1143 4547 1172 4605 in
1204 4562 1319 4604 manus
1348 4540 1500 4621 poculum
1534 4542 1639 4613 sumit,

186 4647 306 4706 totiens
328 4656 359 4707 et
383 4646 432 4707 alii
464 4648 571 4726 Quam
595 4650 861 4711 consuetudinem
886 4649 1060 4711 Rudericus
1083 4648 1252 4729 Burgensis
1275 4649 1447 4726 episcopus
1470 4655 1501 4706 et
1516 4645 1638 4706 concilii

137 4761 140 4764 ’
187 4748 367 4811 Basiliensis
390 4749 512 4832 legatus
536 4752 635 4814 facete
651 4755 749 4828 irrisit,
774 4756 878 4815 mirari
901 4774 935 4815 se
952 4754 1061 4815 dicens
1085 4764 1230 4814 naturam
1254 4763 1438 4812 nostrorum
1462 4749 1638 4822 hominum,

185 4851 276 4932 quod
298 4873 365 4914 uno
389 4857 513 4917 sitiente
537 4876 650 4917 omnes
673 4860 802 4919 sitirent.
837 4858 922 4918 inter
945 4856 1124 4936 potandum
1149 4867 1277 4935 tempus
1308 4852 1511 4914 sermonibus
1535 4863 1639 4914 terunt

185 4966 217 5017 et
240 4954 373 5032 fabulae,
397 4977 480 5037 quae
504 4961 534 5020 in
552 4960 638 5022 ltalia
662 4963 691 5022 in
708 4964 880 5035 tonstrinis,
904 4962 952 5022 hic
975 4962 1006 5021 in
1022 4962 1186 5040 cauponiis
1202 4969 1377 5021 narrantur.
1402 4956 1638 5036 Unusquisque,

185 5061 276 5140 quod
299 5062 357 5123 sibi
380 5064 545 5125 verisimile
568 5066 699 5138 videtur,
722 5065 823 5137 refert,
858 5076 888 5126 et
913 5077 947 5127 ut
971 5064 1080 5126 talium
1104 5066 1270 5127 hominum
1294 5083 1366 5124 mos
1388 5072 1445 5136 est,
1468 5080 1552 5139 quae
1580 5062 1637 5140 ipsi

275 5282 296 5350 ⁴)
315 5282 358 5337 Pr.
380 5283 514 5338 sordidas.
