<?xml version="1.0" encoding="UTF-8"?>
<!DOCTYPE html PUBLIC "-//W3C//DTD XHTML 1.0 Transitional//EN"
    "http://www.w3.org/TR/xhtml1/DTD/xhtml1-transitional.dtd">
<html xmlns="http://www.w3.org/1999/xhtml" xml:lang="en" lang="en">
 <head>
  <title>
</title>
<meta http-equiv="Content-Type" content="text/html;charset=utf-8" />
  <meta name='ocr-system' content='tesseract 3.04.00' />
  <meta name='ocr-capabilities' content='ocr_page ocr_carea ocr_par ocr_line ocrx_word'/>
</head>
<body>
  <div class='ocr_page' id='page_1' title='image "./listbohuslavaha00truhgoog_0060.png"; bbox 0 0 3660 5850; ppageno 0'>
   <div class='ocr_carea' id='block_1_1' title="bbox 759 416 1528 475">
    <p class='ocr_par' dir='ltr' id='par_1_1' title="bbox 759 416 1528 475">
     <span class='ocr_line' id='line_1_1' title="bbox 759 416 1528 475; baseline -0.009 0"><span class='ocrx_word' id='word_1_1' title='bbox 759 416 850 475; x_wconf 82' lang='lat'>1492.</span> <span class='ocrx_word' id='word_1_2' title='bbox 1496 416 1528 469; x_wconf 69' lang='lat'>37</span> 
     </span>
    </p>
   </div>
   <div class='ocr_carea' id='block_1_2' title="bbox 15 630 1539 2798">
    <p class='ocr_par' dir='ltr' id='par_1_2' title="bbox 15 630 1539 2798">
     <span class='ocr_line' id='line_1_2' title="bbox 80 630 1532 711; baseline 0.001 -22"><span class='ocrx_word' id='word_1_3' title='bbox 80 647 206 690; x_wconf 89' lang='lat' dir='ltr'>mecum</span> <span class='ocrx_word' id='word_1_4' title='bbox 237 647 294 707; x_wconf 86' lang='lat' dir='ltr'>per</span> <span class='ocrx_word' id='word_1_5' title='bbox 324 641 424 692; x_wconf 87' lang='lat' dir='ltr'>terras</span> <span class='ocrx_word' id='word_1_6' title='bbox 454 640 549 708; x_wconf 89' lang='lat' dir='ltr'>atque</span> <span class='ocrx_word' id='word_1_7' title='bbox 581 631 678 690; x_wconf 89' lang='lat' dir='ltr'>maria</span> <span class='ocrx_word' id='word_1_8' title='bbox 713 632 931 711; x_wconf 78' lang='lat' dir='ltr'>peregrinatus</span> <span class='ocrx_word' id='word_1_9' title='bbox 962 640 1018 703; x_wconf 87' lang='lat' dir='ltr'>est,</span> <span class='ocrx_word' id='word_1_10' title='bbox 1048 631 1119 707; x_wconf 82' lang='lat' dir='ltr'>ipsu</span> <span class='ocrx_word' id='word_1_11' title='bbox 1149 630 1200 692; x_wconf 89' lang='lat' dir='ltr'>die</span> <span class='ocrx_word' id='word_1_12' title='bbox 1232 631 1410 693; x_wconf 81' lang='lat' dir='ltr'>Natiuitatis</span> <span class='ocrx_word' id='word_1_13' title='bbox 1442 632 1532 692; x_wconf 86' lang='lat' dir='ltr'>divae</span> 
     </span>
     <span class='ocr_line' id='line_1_3' title="bbox 79 732 1532 816; baseline 0.003 -23"><span class='ocrx_word' id='word_1_14' title='bbox 79 733 217 815; x_wconf 83' lang='lat' dir='ltr'>Virginis</span> <span class='ocrx_word' id='word_1_15' title='bbox 240 734 400 795; x_wconf 87' lang='lat' dir='ltr'>extinctus</span> <span class='ocrx_word' id='word_1_16' title='bbox 415 744 471 793; x_wconf 91' lang='lat' dir='ltr'>est.</span> <span class='ocrx_word' id='word_1_17' title='bbox 496 732 532 793; x_wconf 95' lang='lat' dir='ltr'>ld</span> <span class='ocrx_word' id='word_1_18' title='bbox 547 736 605 794; x_wconf 90' lang='lat' dir='ltr'>etsi</span> <span class='ocrx_word' id='word_1_19' title='bbox 622 733 696 793; x_wconf 90' lang='lat' dir='ltr'>mihi</span> <span class='ocrx_word' id='word_1_20' title='bbox 713 733 974 795; x_wconf 66' lang='lat' dir='ltr'>molestissimum</span> <span class='ocrx_word' id='word_1_21' title='bbox 990 744 1047 808; x_wconf 89' lang='lat' dir='ltr'>est,</span> <span class='ocrx_word' id='word_1_22' title='bbox 1071 735 1166 816; x_wconf 86' lang='lat' dir='ltr'>longe</span> <span class='ocrx_word' id='word_1_23' title='bbox 1182 746 1289 796; x_wconf 90' lang='lat' dir='ltr'>tamen</span> <span class='ocrx_word' id='word_1_24' title='bbox 1312 748 1481 816; x_wconf 84' lang='lat' dir='ltr'>propterea</span> <span class='ocrx_word' id='word_1_25' title='bbox 1498 735 1532 797; x_wconf 85' lang='lat' dir='ltr'>fit</span> 
     </span>
     <span class='ocr_line' id='line_1_4' title="bbox 80 836 1532 920; baseline 0.001 -22"><span class='ocrx_word' id='word_1_26' title='bbox 80 836 252 912; x_wconf 89' lang='lat' dir='ltr'>molestius,</span> <span class='ocrx_word' id='word_1_27' title='bbox 275 836 365 916; x_wconf 92' lang='lat' dir='ltr'>quod</span> <span class='ocrx_word' id='word_1_28' title='bbox 389 839 480 899; x_wconf 89' lang='lat' dir='ltr'>matri</span> <span class='ocrx_word' id='word_1_29' title='bbox 496 856 581 911; x_wconf 90' lang='lat' dir='ltr'>suae,</span> <span class='ocrx_word' id='word_1_30' title='bbox 605 839 823 920; x_wconf 81' lang='lat' dir='ltr'>integerrimae</span> <span class='ocrx_word' id='word_1_31' title='bbox 847 838 1014 912; x_wconf 83' lang='lat' dir='ltr'>foeminae,</span> <span class='ocrx_word' id='word_1_32' title='bbox 1038 859 1120 918; x_wconf 87' lang='lat' dir='ltr'>quae</span> <span class='ocrx_word' id='word_1_33' title='bbox 1144 859 1178 900; x_wconf 89' lang='lat' dir='ltr'>se</span> <span class='ocrx_word' id='word_1_34' title='bbox 1199 840 1298 900; x_wconf 88' lang='lat' dir='ltr'>filium</span> <span class='ocrx_word' id='word_1_35' title='bbox 1322 840 1409 920; x_wconf 92' lang='lat' dir='ltr'>apud</span> <span class='ocrx_word' id='word_1_36' title='bbox 1433 842 1532 900; x_wconf 89' lang='lat' dir='ltr'>mein</span> 
     </span>
     <span class='ocr_line' id='line_1_5' title="bbox 15 940 1533 1025; baseline 0.003 -26"><span class='ocrx_word' id='word_1_37' title='bbox 15 992 18 998; x_wconf 94' lang='lat'>.</span> <span class='ocrx_word' id='word_1_38' title='bbox 79 941 257 1003; x_wconf 91' lang='lat' dir='ltr'>bonoloco</span> <span class='ocrx_word' id='word_1_39' title='bbox 280 941 455 1003; x_wconf 86' lang='lat' dir='ltr'>collocasse</span> <span class='ocrx_word' id='word_1_40' title='bbox 470 943 612 1022; x_wconf 89' lang='lat' dir='ltr'>putabat,</span> <span class='ocrx_word' id='word_1_41' title='bbox 636 940 818 1019; x_wconf 89' lang='lat' dir='ltr'>depositum</span> <span class='ocrx_word' id='word_1_42' title='bbox 834 944 972 1020; x_wconf 87' lang='lat' dir='ltr'>pessima</span> <span class='ocrx_word' id='word_1_43' title='bbox 996 941 1059 1002; x_wconf 87' lang='lat' dir='ltr'>fide</span> <span class='ocrx_word' id='word_1_44' title='bbox 1075 946 1202 1005; x_wconf 89' lang='lat' dir='ltr'>restitui.</span> <span class='ocrx_word' id='word_1_45' title='bbox 1225 941 1290 1005; x_wconf 85' lang='lat' dir='ltr'>Sed</span> <span class='ocrx_word' id='word_1_46' title='bbox 1315 946 1385 1025; x_wconf 88' lang='lat' dir='ltr'>quis</span> <span class='ocrx_word' id='word_1_47' title='bbox 1408 943 1533 1004; x_wconf 89' lang='lat' dir='ltr'>divinae</span> 
     </span>
     <span class='ocr_line' id='line_1_6' title="bbox 79 1043 1532 1128; baseline 0.003 -23"><span class='ocrx_word' id='word_1_48' title='bbox 79 1045 234 1107; x_wconf 85' lang='lat' dir='ltr'>voluntati</span> <span class='ocrx_word' id='word_1_49' title='bbox 249 1044 409 1107; x_wconf 86' lang='lat' dir='ltr'>adversari</span> <span class='ocrx_word' id='word_1_50' title='bbox 424 1056 539 1126; x_wconf 82' lang='lat' dir='ltr'>potest,</span> <span class='ocrx_word' id='word_1_51' title='bbox 556 1049 645 1108; x_wconf 91' lang='lat' dir='ltr'>cuius</span> <span class='ocrx_word' id='word_1_52' title='bbox 660 1045 776 1109; x_wconf 90' lang='lat' dir='ltr'>iudicia</span> <span class='ocrx_word' id='word_1_53' title='bbox 791 1046 928 1123; x_wconf 81' lang='lat' dir='ltr'>abyssus</span> <span class='ocrx_word' id='word_1_54' title='bbox 944 1047 1043 1109; x_wconf 87' lang='lat' dir='ltr'>nmlta</span> <span class='ocrx_word' id='word_1_55' title='bbox 1060 1043 1137 1127; x_wconf 73' lang='lat' dir='ltr'>(sic).</span> <span class='ocrx_word' id='word_1_56' title='bbox 1159 1046 1380 1110; x_wconf 82' lang='lat' dir='ltr'>Afflictabatur</span> <span class='ocrx_word' id='word_1_57' title='bbox 1395 1051 1532 1128; x_wconf 90' lang='lat' dir='ltr'>primum</span> 
     </span>
     <span class='ocr_line' id='line_1_7' title="bbox 80 1148 1533 1230; baseline 0.002 -20"><span class='ocrx_word' id='word_1_58' title='bbox 80 1151 165 1212; x_wconf 89' lang='lat' dir='ltr'>lenta</span> <span class='ocrx_word' id='word_1_59' title='bbox 188 1151 282 1225; x_wconf 90' lang='lat' dir='ltr'>sebri;</span> <span class='ocrx_word' id='word_1_60' title='bbox 306 1161 383 1224; x_wconf 92' lang='lat' dir='ltr'>tum,</span> <span class='ocrx_word' id='word_1_61' title='bbox 408 1151 461 1212; x_wconf 92' lang='lat' dir='ltr'>ubi</span> <span class='ocrx_word' id='word_1_62' title='bbox 481 1152 613 1212; x_wconf 90' lang='lat' dir='ltr'>morbus</span> <span class='ocrx_word' id='word_1_63' title='bbox 635 1148 824 1213; x_wconf 87' lang='lat' dir='ltr'>invalescere</span> <span class='ocrx_word' id='word_1_64' title='bbox 847 1152 962 1230; x_wconf 90' lang='lat' dir='ltr'>coepit,</span> <span class='ocrx_word' id='word_1_65' title='bbox 986 1150 1026 1225; x_wconf 95' lang='lat' dir='ltr'>id,</span> <span class='ocrx_word' id='word_1_66' title='bbox 1050 1150 1139 1230; x_wconf 94' lang='lat' dir='ltr'>quod</span> <span class='ocrx_word' id='word_1_67' title='bbox 1161 1151 1364 1214; x_wconf 89' lang='lat' dir='ltr'>christianum</span> <span class='ocrx_word' id='word_1_68' title='bbox 1389 1153 1533 1226; x_wconf 83' lang='lat' dir='ltr'>decebat,</span> 
     </span>
     <span class='ocr_line' id='line_1_8' title="bbox 82 1253 1532 1335; baseline 0.001 -21"><span class='ocrx_word' id='word_1_69' title='bbox 82 1255 167 1330; x_wconf 85' lang='lat' dir='ltr'>iecit;</span> <span class='ocrx_word' id='word_1_70' title='bbox 191 1253 264 1316; x_wconf 89' lang='lat' dir='ltr'>inde</span> <span class='ocrx_word' id='word_1_71' title='bbox 286 1254 370 1316; x_wconf 89' lang='lat' dir='ltr'>adeo</span> <span class='ocrx_word' id='word_1_72' title='bbox 394 1253 563 1329; x_wconf 88' lang='lat' dir='ltr'>convaluit,</span> <span class='ocrx_word' id='word_1_73' title='bbox 592 1265 625 1316; x_wconf 90' lang='lat' dir='ltr'>ut</span> <span class='ocrx_word' id='word_1_74' title='bbox 649 1254 713 1316; x_wconf 92' lang='lat' dir='ltr'>iarn</span> <span class='ocrx_word' id='word_1_75' title='bbox 741 1257 872 1316; x_wconf 90' lang='lat' dir='ltr'>omnino</span> <span class='ocrx_word' id='word_1_76' title='bbox 900 1266 991 1316; x_wconf 90' lang='lat' dir='ltr'>extra</span> <span class='ocrx_word' id='word_1_77' title='bbox 1013 1255 1188 1334; x_wconf 89' lang='lat' dir='ltr'>periculum</span> <span class='ocrx_word' id='word_1_78' title='bbox 1212 1259 1337 1335; x_wconf 90' lang='lat' dir='ltr'>positus</span> <span class='ocrx_word' id='word_1_79' title='bbox 1367 1255 1532 1319; x_wconf 87' lang='lat' dir='ltr'>videretur.</span> 
     </span>
     <span class='ocr_line' id='line_1_9' title="bbox 81 1358 1534 1442; baseline -0.001 -21"><span class='ocrx_word' id='word_1_80' title='bbox 81 1358 149 1421; x_wconf 93' lang='lat' dir='ltr'>Nec</span> <span class='ocrx_word' id='word_1_81' title='bbox 173 1358 275 1421; x_wconf 88' lang='lat' dir='ltr'>multo</span> <span class='ocrx_word' id='word_1_82' title='bbox 298 1371 373 1438; x_wconf 89' lang='lat' dir='ltr'>post</span> <span class='ocrx_word' id='word_1_83' title='bbox 395 1361 428 1419; x_wconf 92' lang='lat' dir='ltr'>in</span> <span class='ocrx_word' id='word_1_84' title='bbox 450 1361 627 1441; x_wconf 90' lang='lat' dir='ltr'>graviorem</span> <span class='ocrx_word' id='word_1_85' title='bbox 650 1359 881 1442; x_wconf 85' lang='lat' dir='ltr'>aegritudinem</span> <span class='ocrx_word' id='word_1_86' title='bbox 905 1360 1054 1434; x_wconf 90' lang='lat' dir='ltr'>reincidit,</span> <span class='ocrx_word' id='word_1_87' title='bbox 1078 1379 1142 1440; x_wconf 90' lang='lat' dir='ltr'>qua</span> <span class='ocrx_word' id='word_1_88' title='bbox 1161 1381 1235 1422; x_wconf 91' lang='lat' dir='ltr'>cum</span> <span class='ocrx_word' id='word_1_89' title='bbox 1257 1360 1534 1423; x_wconf 84' lang='lat' dir='ltr'>vehementissime</span> 
     </span>
     <span class='ocr_line' id='line_1_10' title="bbox 80 1462 1533 1546; baseline 0.001 -22"><span class='ocrx_word' id='word_1_90' title='bbox 80 1482 154 1525; x_wconf 92' lang='lat' dir='ltr'>eurn</span> <span class='ocrx_word' id='word_1_91' title='bbox 177 1465 286 1544; x_wconf 89' lang='lat' dir='ltr'>agitari</span> <span class='ocrx_word' id='word_1_92' title='bbox 309 1483 480 1538; x_wconf 90' lang='lat' dir='ltr'>cernerem,</span> <span class='ocrx_word' id='word_1_93' title='bbox 503 1462 705 1525; x_wconf 87' lang='lat' dir='ltr'>sacerdotem</span> <span class='ocrx_word' id='word_1_94' title='bbox 729 1483 890 1525; x_wconf 89' lang='lat' dir='ltr'>accersere</span> <span class='ocrx_word' id='word_1_95' title='bbox 913 1467 997 1538; x_wconf 90' lang='lat' dir='ltr'>iussi,</span> <span class='ocrx_word' id='word_1_96' title='bbox 1020 1487 1038 1525; x_wconf 90' lang='lat' dir='ltr'>a</span> <span class='ocrx_word' id='word_1_97' title='bbox 1058 1484 1124 1545; x_wconf 94' lang='lat' dir='ltr'>quo</span> <span class='ocrx_word' id='word_1_98' title='bbox 1147 1477 1321 1546; x_wconf 88' lang='lat' dir='ltr'>postquam</span> <span class='ocrx_word' id='word_1_99' title='bbox 1344 1484 1436 1527; x_wconf 90' lang='lat' dir='ltr'>sacro</span> <span class='ocrx_word' id='word_1_100' title='bbox 1459 1465 1533 1528; x_wconf 90' lang='lat' dir='ltr'>oleo</span> 
     </span>
     <span class='ocr_line' id='line_1_11' title="bbox 81 1567 1533 1648; baseline 0.002 -21"><span class='ocrx_word' id='word_1_101' title='bbox 81 1570 228 1629; x_wconf 89' lang='lat' dir='ltr'>inunctus</span> <span class='ocrx_word' id='word_1_102' title='bbox 257 1579 314 1641; x_wconf 89' lang='lat' dir='ltr'>est,</span> <span class='ocrx_word' id='word_1_103' title='bbox 345 1567 429 1629; x_wconf 92' lang='lat' dir='ltr'>adeo</span> <span class='ocrx_word' id='word_1_104' title='bbox 457 1568 582 1647; x_wconf 89' lang='lat' dir='ltr'>placide</span> <span class='ocrx_word' id='word_1_105' title='bbox 612 1576 646 1629; x_wconf 89' lang='lat' dir='ltr'>et</span> <span class='ocrx_word' id='word_1_106' title='bbox 668 1569 835 1648; x_wconf 87' lang='lat' dir='ltr'>tranquille</span> <span class='ocrx_word' id='word_1_107' title='bbox 866 1570 1011 1635; x_wconf 86' lang='lat' dir='ltr'>decessit.</span> <span class='ocrx_word' id='word_1_108' title='bbox 1042 1581 1165 1631; x_wconf 90' lang='lat' dir='ltr'>utnon</span> <span class='ocrx_word' id='word_1_109' title='bbox 1190 1573 1269 1631; x_wconf 91' lang='lat' dir='ltr'>mori</span> <span class='ocrx_word' id='word_1_110' title='bbox 1301 1570 1359 1632; x_wconf 90' lang='lat' dir='ltr'>sed</span> <span class='ocrx_word' id='word_1_111' title='bbox 1382 1588 1533 1633; x_wconf 89' lang='lat' dir='ltr'>somnum</span> 
     </span>
     <span class='ocr_line' id='line_1_12' title="bbox 81 1670 1534 1754; baseline 0.001 -22"><span class='ocrx_word' id='word_1_112' title='bbox 81 1689 195 1748; x_wconf 89' lang='lat' dir='ltr'>capere</span> <span class='ocrx_word' id='word_1_113' title='bbox 210 1671 375 1734; x_wconf 91' lang='lat' dir='ltr'>videretur.</span> <span class='ocrx_word' id='word_1_114' title='bbox 400 1672 527 1734; x_wconf 89' lang='lat' dir='ltr'>lntersui</span> <span class='ocrx_word' id='word_1_115' title='bbox 544 1673 689 1734; x_wconf 89' lang='lat' dir='ltr'>morienti</span> <span class='ocrx_word' id='word_1_116' title='bbox 715 1670 816 1754; x_wconf 90' lang='lat' dir='ltr'>(quod</span> <span class='ocrx_word' id='word_1_117' title='bbox 832 1673 962 1753; x_wconf 90' lang='lat' dir='ltr'>quidem</span> <span class='ocrx_word' id='word_1_118' title='bbox 986 1672 1061 1733; x_wconf 89' lang='lat' dir='ltr'>mihi</span> <span class='ocrx_word' id='word_1_119' title='bbox 1078 1692 1244 1751; x_wconf 86' lang='lat' dir='ltr'>nunquam</span> <span class='ocrx_word' id='word_1_120' title='bbox 1267 1685 1342 1736; x_wconf 93' lang='lat' dir='ltr'>ante</span> <span class='ocrx_word' id='word_1_121' title='bbox 1358 1674 1389 1736; x_wconf 94' lang='lat' dir='ltr'>id</span> <span class='ocrx_word' id='word_1_122' title='bbox 1406 1684 1534 1753; x_wconf 89' lang='lat' dir='ltr'>tempus</span> 
     </span>
     <span class='ocr_line' id='line_1_13' title="bbox 80 1771 1531 1859; baseline 0.003 -23"><span class='ocrx_word' id='word_1_123' title='bbox 80 1771 226 1857; x_wconf 86' lang='lat' dir='ltr'>contigit)</span> <span class='ocrx_word' id='word_1_124' title='bbox 257 1773 337 1838; x_wconf 84' lang='lat' dir='ltr'>flens</span> <span class='ocrx_word' id='word_1_125' title='bbox 359 1795 565 1859; x_wconf 85' lang='lat' dir='ltr'>gemensque,</span> <span class='ocrx_word' id='word_1_126' title='bbox 589 1779 663 1856; x_wconf 88' lang='lat' dir='ltr'>quia</span> <span class='ocrx_word' id='word_1_127' title='bbox 686 1795 738 1837; x_wconf 91' lang='lat' dir='ltr'>me</span> <span class='ocrx_word' id='word_1_128' title='bbox 769 1779 892 1856; x_wconf 88' lang='lat' dir='ltr'>optimo</span> <span class='ocrx_word' id='word_1_129' title='bbox 915 1776 1136 1857; x_wconf 84' lang='lat' dir='ltr'>fidissimoque</span> <span class='ocrx_word' id='word_1_130' title='bbox 1165 1779 1283 1838; x_wconf 88' lang='lat' dir='ltr'>comite</span> <span class='ocrx_word' id='word_1_131' title='bbox 1313 1779 1427 1858; x_wconf 88' lang='lat' dir='ltr'>privari</span> <span class='ocrx_word' id='word_1_132' title='bbox 1449 1782 1531 1857; x_wconf 89' lang='lat' dir='ltr'>aspi-</span> 
     </span>
     <span class='ocr_line' id='line_1_14' title="bbox 82 1879 1533 1961; baseline 0.003 -21"><span class='ocrx_word' id='word_1_133' title='bbox 82 1880 223 1942; x_wconf 82' lang='lat' dir='ltr'>ciebam.</span> <span class='ocrx_word' id='word_1_134' title='bbox 255 1879 411 1942; x_wconf 92' lang='lat' dir='ltr'>Nondum</span> <span class='ocrx_word' id='word_1_135' title='bbox 440 1880 533 1942; x_wconf 92' lang='lat' dir='ltr'>dolor</span> <span class='ocrx_word' id='word_1_136' title='bbox 561 1899 659 1955; x_wconf 79' lang='lat' dir='ltr'>mem,</span> <span class='ocrx_word' id='word_1_137' title='bbox 690 1899 787 1961; x_wconf 90' lang='lat' dir='ltr'>quern</span> <span class='ocrx_word' id='word_1_138' title='bbox 814 1901 856 1942; x_wconf 88' lang='lat' dir='ltr'>ex</span> <span class='ocrx_word' id='word_1_139' title='bbox 884 1882 1008 1943; x_wconf 89' lang='lat' dir='ltr'>interitu</span> <span class='ocrx_word' id='word_1_140' title='bbox 1039 1882 1226 1944; x_wconf 85' lang='lat' dir='ltr'>sanctissimi</span> <span class='ocrx_word' id='word_1_141' title='bbox 1258 1881 1337 1945; x_wconf 90' lang='lat' dir='ltr'>illius</span> <span class='ocrx_word' id='word_1_142' title='bbox 1368 1885 1421 1944; x_wconf 89' lang='lat' dir='ltr'>viri</span> <span class='ocrx_word' id='word_1_143' title='bbox 1452 1882 1533 1944; x_wconf 87' lang='lat' dir='ltr'>Petri</span> 
     </span>
     <span class='ocr_line' id='line_1_15' title="bbox 84 1983 1535 2068; baseline 0.001 -23"><span class='ocrx_word' id='word_1_144' title='bbox 84 1983 209 2046; x_wconf 84' lang='lat' dir='ltr'>Schotti</span> <span class='ocrx_word' id='word_1_145' title='bbox 233 2002 390 2061; x_wconf 88' lang='lat' dir='ltr'>ceperam,</span> <span class='ocrx_word' id='word_1_146' title='bbox 414 1985 521 2047; x_wconf 87' lang='lat' dir='ltr'>finitus</span> <span class='ocrx_word' id='word_1_147' title='bbox 538 1995 613 2059; x_wconf 87' lang='lat' dir='ltr'>erat,</span> <span class='ocrx_word' id='word_1_148' title='bbox 638 1988 727 2046; x_wconf 90' lang='lat' dir='ltr'>cuius</span> <span class='ocrx_word' id='word_1_149' title='bbox 743 1984 924 2046; x_wconf 89' lang='lat' dir='ltr'>dulcissima</span> <span class='ocrx_word' id='word_1_150' title='bbox 939 1987 1074 2046; x_wconf 88' lang='lat' dir='ltr'>amicitia</span> <span class='ocrx_word' id='word_1_151' title='bbox 1098 1985 1182 2046; x_wconf 89' lang='lat' dir='ltr'>adeo</span> <span class='ocrx_word' id='word_1_152' title='bbox 1199 1986 1305 2047; x_wconf 87' lang='lat' dir='ltr'>haeret</span> <span class='ocrx_word' id='word_1_153' title='bbox 1328 1987 1535 2068; x_wconf 89' lang='lat' dir='ltr'>haerebitque</span> 
     </span>
     <span class='ocr_line' id='line_1_16' title="bbox 82 2089 1534 2172; baseline 0.002 -25"><span class='ocrx_word' id='word_1_154' title='bbox 82 2090 180 2149; x_wconf 87' lang='lat' dir='ltr'>menti</span> <span class='ocrx_word' id='word_1_155' title='bbox 204 2107 304 2162; x_wconf 87' lang='lat' dir='ltr'>meae,</span> <span class='ocrx_word' id='word_1_156' title='bbox 328 2099 361 2150; x_wconf 91' lang='lat' dir='ltr'>ut</span> <span class='ocrx_word' id='word_1_157' title='bbox 386 2089 466 2149; x_wconf 88' lang='lat' dir='ltr'>inter</span> <span class='ocrx_word' id='word_1_158' title='bbox 489 2090 584 2149; x_wconf 91' lang='lat' dir='ltr'>animi</span> <span class='ocrx_word' id='word_1_159' title='bbox 608 2089 869 2150; x_wconf 85' lang='lat' dir='ltr'>conturbationes</span> <span class='ocrx_word' id='word_1_160' title='bbox 892 2100 923 2151; x_wconf 89' lang='lat' dir='ltr'>et</span> <span class='ocrx_word' id='word_1_161' title='bbox 946 2091 1125 2150; x_wconf 86' lang='lat' dir='ltr'>anxietates</span> <span class='ocrx_word' id='word_1_162' title='bbox 1144 2092 1213 2151; x_wconf 89' lang='lat' dir='ltr'>eius</span> <span class='ocrx_word' id='word_1_163' title='bbox 1236 2092 1418 2152; x_wconf 84' lang='lat' dir='ltr'>meminisse</span> <span class='ocrx_word' id='word_1_164' title='bbox 1440 2108 1534 2172; x_wconf 92' lang='lat' dir='ltr'>pecu-</span> 
     </span>
     <span class='ocr_line' id='line_1_17' title="bbox 82 2190 1534 2268; baseline 0.002 -16"><span class='ocrx_word' id='word_1_165' title='bbox 82 2190 159 2253; x_wconf 90' lang='lat' dir='ltr'>liare</span> <span class='ocrx_word' id='word_1_166' title='bbox 182 2190 257 2252; x_wconf 82' lang='lat' dir='ltr'>milri</span> <span class='ocrx_word' id='word_1_167' title='bbox 280 2192 428 2255; x_wconf 89' lang='lat' dir='ltr'>solatium</span> <span class='ocrx_word' id='word_1_168' title='bbox 452 2195 506 2254; x_wconf 90' lang='lat' dir='ltr'>sit:</span> <span class='ocrx_word' id='word_1_169' title='bbox 537 2212 611 2253; x_wconf 90' lang='lat' dir='ltr'>ecce</span> <span class='ocrx_word' id='word_1_170' title='bbox 638 2203 746 2254; x_wconf 89' lang='lat' dir='ltr'>autem</span> <span class='ocrx_word' id='word_1_171' title='bbox 778 2193 838 2254; x_wconf 90' lang='lat' dir='ltr'>alia</span> <span class='ocrx_word' id='word_1_172' title='bbox 861 2193 1024 2254; x_wconf 86' lang='lat' dir='ltr'>calamitas</span> <span class='ocrx_word' id='word_1_173' title='bbox 1047 2204 1155 2255; x_wconf 85' lang='lat' dir='ltr'>secuta</span> <span class='ocrx_word' id='word_1_174' title='bbox 1179 2205 1235 2268; x_wconf 87' lang='lat' dir='ltr'>est,</span> <span class='ocrx_word' id='word_1_175' title='bbox 1268 2206 1301 2257; x_wconf 91' lang='lat' dir='ltr'>ut</span> <span class='ocrx_word' id='word_1_176' title='bbox 1325 2206 1373 2256; x_wconf 92' lang='lat' dir='ltr'>tot</span> <span class='ocrx_word' id='word_1_177' title='bbox 1403 2193 1534 2256; x_wconf 90' lang='lat' dir='ltr'>tandem</span> 
     </span>
     <span class='ocr_line' id='line_1_18' title="bbox 83 2296 1539 2379; baseline 0.001 -23"><span class='ocrx_word' id='word_1_178' title='bbox 83 2298 210 2358; x_wconf 89' lang='lat' dir='ltr'>casibus</span> <span class='ocrx_word' id='word_1_179' title='bbox 233 2296 370 2359; x_wconf 88' lang='lat' dir='ltr'>edoctus</span> <span class='ocrx_word' id='word_1_180' title='bbox 393 2317 444 2359; x_wconf 89' lang='lat' dir='ltr'>res</span> <span class='ocrx_word' id='word_1_181' title='bbox 468 2297 623 2359; x_wconf 90' lang='lat' dir='ltr'>humanas</span> <span class='ocrx_word' id='word_1_182' title='bbox 647 2296 720 2359; x_wconf 90' lang='lat' dir='ltr'>nihil</span> <span class='ocrx_word' id='word_1_183' title='bbox 744 2317 815 2359; x_wconf 88' lang='lat' dir='ltr'>esse</span> <span class='ocrx_word' id='word_1_184' title='bbox 838 2296 967 2359; x_wconf 90' lang='lat' dir='ltr'>discam.</span> <span class='ocrx_word' id='word_1_185' title='bbox 991 2296 1035 2358; x_wconf 92' lang='lat' dir='ltr'>llli</span> <span class='ocrx_word' id='word_1_186' title='bbox 1058 2296 1189 2377; x_wconf 90' lang='lat' dir='ltr'>quidem</span> <span class='ocrx_word' id='word_1_187' title='bbox 1212 2299 1311 2360; x_wconf 90' lang='lat' dir='ltr'>arnbo</span> <span class='ocrx_word' id='word_1_188' title='bbox 1338 2296 1385 2379; x_wconf 80' lang='lat' dir='ltr'>(ut</span> <span class='ocrx_word' id='word_1_189' title='bbox 1409 2312 1466 2377; x_wconf 86' lang='lat' dir='ltr'>par</span> <span class='ocrx_word' id='word_1_190' title='bbox 1489 2309 1539 2359; x_wconf 87' lang='lat' dir='ltr'>est</span> 
     </span>
     <span class='ocr_line' id='line_1_19' title="bbox 85 2398 1534 2484; baseline 0.001 -24"><span class='ocrx_word' id='word_1_191' title='bbox 85 2398 227 2482; x_wconf 88' lang='lat' dir='ltr'>credere)</span> <span class='ocrx_word' id='word_1_192' title='bbox 252 2403 283 2463; x_wconf 94' lang='lat' dir='ltr'>in</span> <span class='ocrx_word' id='word_1_193' title='bbox 300 2411 394 2463; x_wconf 88' lang='lat' dir='ltr'>coetu</span> <span class='ocrx_word' id='word_1_194' title='bbox 419 2402 587 2463; x_wconf 85' lang='lat' dir='ltr'>beatorum</span> <span class='ocrx_word' id='word_1_195' title='bbox 610 2401 741 2484; x_wconf 84' lang='lat' dir='ltr'>dignam</span> <span class='ocrx_word' id='word_1_196' title='bbox 764 2403 889 2481; x_wconf 86' lang='lat' dir='ltr'>pietatis</span> <span class='ocrx_word' id='word_1_197' title='bbox 905 2413 936 2462; x_wconf 88' lang='lat' dir='ltr'>et</span> <span class='ocrx_word' id='word_1_198' title='bbox 952 2404 1072 2464; x_wconf 87' lang='lat' dir='ltr'>virtutis</span> <span class='ocrx_word' id='word_1_199' title='bbox 1095 2422 1171 2464; x_wconf 89' lang='lat' dir='ltr'>suae</span> <span class='ocrx_word' id='word_1_200' title='bbox 1188 2402 1367 2464; x_wconf 87' lang='lat' dir='ltr'>mercedem</span> <span class='ocrx_word' id='word_1_201' title='bbox 1391 2405 1534 2483; x_wconf 90' lang='lat' dir='ltr'>capiunt:</span> 
     </span>
     <span class='ocr_line' id='line_1_20' title="bbox 86 2505 1536 2587; baseline 0.001 -22"><span class='ocrx_word' id='word_1_202' title='bbox 86 2525 148 2587; x_wconf 88' lang='lat' dir='ltr'>ego</span> <span class='ocrx_word' id='word_1_203' title='bbox 172 2516 280 2567; x_wconf 89' lang='lat' dir='ltr'>tarnen</span> <span class='ocrx_word' id='word_1_204' title='bbox 304 2517 374 2566; x_wconf 89' lang='lat' dir='ltr'>toto</span> <span class='ocrx_word' id='word_1_205' title='bbox 398 2518 527 2586; x_wconf 88' lang='lat' dir='ltr'>pectore</span> <span class='ocrx_word' id='word_1_206' title='bbox 549 2524 614 2567; x_wconf 95' lang='lat' dir='ltr'>non</span> <span class='ocrx_word' id='word_1_207' title='bbox 638 2508 719 2587; x_wconf 83' lang='lat' dir='ltr'>angi,</span> <span class='ocrx_word' id='word_1_208' title='bbox 750 2524 816 2567; x_wconf 94' lang='lat' dir='ltr'>non</span> <span class='ocrx_word' id='word_1_209' title='bbox 839 2505 949 2567; x_wconf 88' lang='lat' dir='ltr'>dolere</span> <span class='ocrx_word' id='word_1_210' title='bbox 973 2525 1037 2567; x_wconf 93' lang='lat' dir='ltr'>non</span> <span class='ocrx_word' id='word_1_211' title='bbox 1061 2525 1204 2585; x_wconf 91' lang='lat' dir='ltr'>possum,</span> <span class='ocrx_word' id='word_1_212' title='bbox 1227 2510 1303 2587; x_wconf 91' lang='lat' dir='ltr'>quin</span> <span class='ocrx_word' id='word_1_213' title='bbox 1330 2509 1434 2582; x_wconf 86' lang='lat' dir='ltr'>etiarn,</span> <span class='ocrx_word' id='word_1_214' title='bbox 1458 2506 1536 2569; x_wconf 87' lang='lat' dir='ltr'>durn</span> 
     </span>
     <span class='ocr_line' id='line_1_21' title="bbox 84 2608 1535 2690; baseline 0.001 -20"><span class='ocrx_word' id='word_1_215' title='bbox 84 2608 164 2670; x_wconf 91' lang='lat' dir='ltr'>haec</span> <span class='ocrx_word' id='word_1_216' title='bbox 187 2610 301 2683; x_wconf 83' lang='lat' dir='ltr'>scribe,</span> <span class='ocrx_word' id='word_1_217' title='bbox 324 2612 421 2672; x_wconf 88' lang='lat' dir='ltr'>invito</span> <span class='ocrx_word' id='word_1_218' title='bbox 445 2611 675 2690; x_wconf 87' lang='lat' dir='ltr'>reluctantique</span> <span class='ocrx_word' id='word_1_219' title='bbox 703 2610 777 2671; x_wconf 90' lang='lat' dir='ltr'>mihi</span> <span class='ocrx_word' id='word_1_220' title='bbox 801 2609 983 2688; x_wconf 88' lang='lat' dir='ltr'>lachrymae</span> <span class='ocrx_word' id='word_1_221' title='bbox 1008 2630 1063 2689; x_wconf 92' lang='lat' dir='ltr'>per</span> <span class='ocrx_word' id='word_1_222' title='bbox 1086 2631 1142 2673; x_wconf 88' lang='lat' dir='ltr'>ora</span> <span class='ocrx_word' id='word_1_223' title='bbox 1165 2610 1316 2672; x_wconf 85' lang='lat' dir='ltr'>defluunt.</span> <span class='ocrx_word' id='word_1_224' title='bbox 1355 2611 1459 2673; x_wconf 90' lang='lat' dir='ltr'>Datae</span> <span class='ocrx_word' id='word_1_225' title='bbox 1483 2611 1535 2672; x_wconf 90' lang='lat' dir='ltr'>die</span> 
     </span>
     <span class='ocr_line' id='line_1_22' title="bbox 85 2712 1160 2798; baseline 0.001 -24"><span class='ocrx_word' id='word_1_226' title='bbox 85 2712 198 2775; x_wconf 86' lang='lat' dir='ltr'>lllartis</span> <span class='ocrx_word' id='word_1_227' title='bbox 220 2725 293 2794; x_wconf 92' lang='lat' dir='ltr'>post</span> <span class='ocrx_word' id='word_1_228' title='bbox 317 2714 432 2776; x_wconf 81' lang='lat' dir='ltr'>festum</span> <span class='ocrx_word' id='word_1_229' title='bbox 456 2712 635 2775; x_wconf 80' lang='lat' dir='ltr'>Natiuitatis</span> <span class='ocrx_word' id='word_1_230' title='bbox 659 2715 773 2776; x_wconf 85' lang='lat' dir='ltr'>beatae</span> <span class='ocrx_word' id='word_1_231' title='bbox 796 2714 935 2798; x_wconf 92' lang='lat' dir='ltr'>Virginis</span> <span class='ocrx_word' id='word_1_232' title='bbox 958 2735 1044 2776; x_wconf 89' lang='lat' dir='ltr'>anno</span> <span class='ocrx_word' id='word_1_233' title='bbox 1070 2715 1160 2778; x_wconf 69' lang='lat' dir='ltr'>litu.</span> 
     </span>
    </p>
   </div>
   <div class='ocr_carea' id='block_1_3' title="bbox 87 2900 1536 3058">
    <p class='ocr_par' dir='ltr' id='par_1_3' title="bbox 87 2900 1536 3058">
     <span class='ocr_line' id='line_1_23' title="bbox 173 2900 1535 2973; baseline 0.004 -21"><span class='ocrx_word' id='word_1_234' title='bbox 173 2901 282 2954; x_wconf 89' lang='lat' dir='ltr'>Busner</span> <span class='ocrx_word' id='word_1_235' title='bbox 299 2902 401 2954; x_wconf 80' lang='lat' dir='ltr'>zemlel</span> <span class='ocrx_word' id='word_1_236' title='bbox 419 2901 500 2969; x_wconf 88' lang='lat' dir='ltr'>podle</span> <span class='ocrx_word' id='word_1_237' title='bbox 525 2902 592 2954; x_wconf 90' lang='lat' dir='ltr'>toho</span> <span class='ocrx_word' id='word_1_238' title='bbox 611 2900 674 2954; x_wconf 87' lang='lat' dir='ltr'>listu</span> <span class='ocrx_word' id='word_1_239' title='bbox 694 2919 711 2953; x_wconf 91' lang='lat' dir='ltr'>v</span> <span class='ocrx_word' id='word_1_240' title='bbox 723 2901 823 2955; x_wconf 89' lang='lat' dir='ltr'>sobotu</span> <span class='ocrx_word' id='word_1_241' title='bbox 841 2902 895 2955; x_wconf 89' lang='lat' dir='ltr'>dne</span> <span class='ocrx_word' id='word_1_242' title='bbox 917 2901 942 2956; x_wconf 79' lang='lat'>8.</span> <span class='ocrx_word' id='word_1_243' title='bbox 961 2902 1017 2963; x_wconf 74' lang='lat' dir='ltr'>zaii</span> <span class='ocrx_word' id='word_1_244' title='bbox 1038 2902 1112 2955; x_wconf 63' lang='lat'>1492.</span> <span class='ocrx_word' id='word_1_245' title='bbox 1142 2904 1166 2956; x_wconf 95' lang='lat' dir='ltr'>O</span> <span class='ocrx_word' id='word_1_246' title='bbox 1185 2905 1249 2955; x_wconf 80' lang='grc' dir='ltr'>ττὲτττ</span> <span class='ocrx_word' id='word_1_247' title='bbox 1268 2920 1359 2956; x_wconf 87' lang='lat' dir='ltr'>srovn.</span> <span class='ocrx_word' id='word_1_248' title='bbox 1378 2905 1535 2973; x_wconf 72' lang='lat' dir='ltr'>poznlmku</span> 
     </span>
     <span class='ocr_line' id='line_1_24' title="bbox 87 2987 1536 3058; baseline 0.003 -18"><span class='ocrx_word' id='word_1_249' title='bbox 87 2988 103 3040; x_wconf 87' lang='lat' dir='ltr'>ir</span> <span class='ocrx_word' id='word_1_250' title='bbox 124 2987 189 3041; x_wconf 90' lang='lat' dir='ltr'>listu</span> <span class='ocrx_word' id='word_1_251' title='bbox 209 2987 249 3051; x_wconf 83' lang='lat' dir='ltr'>lii,</span> <span class='ocrx_word' id='word_1_252' title='bbox 268 2994 362 3056; x_wconf 89' lang='lat' dir='ltr'>potorn</span> <span class='ocrx_word' id='word_1_253' title='bbox 382 2987 523 3056; x_wconf 82' lang='lat' dir='ltr'>epitafium</span> <span class='ocrx_word' id='word_1_254' title='bbox 544 2988 731 3041; x_wconf 84' lang='lat' dir='ltr'>Bohuslavem</span> <span class='ocrx_word' id='word_1_255' title='bbox 751 2988 861 3042; x_wconf 76' lang='lat' dir='ltr'>sloiene</span> <span class='ocrx_word' id='word_1_256' title='bbox 881 3007 897 3042; x_wconf 87' lang='lat' dir='ltr'>a</span> <span class='ocrx_word' id='word_1_257' title='bbox 915 2989 1053 3057; x_wconf 72' lang='lat' dir='ltr'>vytistene</span> <span class='ocrx_word' id='word_1_258' title='bbox 1073 3006 1106 3042; x_wconf 85' lang='lat' dir='ltr'>ve</span> <span class='ocrx_word' id='word_1_259' title='bbox 1126 2990 1246 3056; x_wconf 86' lang='lat' dir='ltr'>Farrago</span> <span class='ocrx_word' id='word_1_260' title='bbox 1265 3007 1356 3058; x_wconf 86' lang='lat' dir='ltr'>poem.</span> <span class='ocrx_word' id='word_1_261' title='bbox 1376 3009 1411 3044; x_wconf 90' lang='lat' dir='ltr'>na</span> <span class='ocrx_word' id='word_1_262' title='bbox 1430 2999 1476 3044; x_wconf 89' lang='lat' dir='ltr'>str.</span> <span class='ocrx_word' id='word_1_263' title='bbox 1494 2991 1536 3044; x_wconf 78' lang='lat' dir='ltr'>llil.</span> 
     </span>
    </p>
   </div>
   <div class='ocr_carea' id='block_1_4' title="bbox 412 3307 1211 3518">
    <p class='ocr_par' dir='ltr' id='par_1_4' title="bbox 412 3307 1211 3518">
     <span class='ocr_line' id='line_1_25' title="bbox 786 3307 836 3370; baseline -0.08 0"><span class='ocrx_word' id='word_1_264' title='bbox 786 3307 836 3370; x_wconf 77' lang='lat'>34.</span> 
     </span>
     <span class='ocr_line' id='line_1_26' title="bbox 412 3443 1211 3518; baseline 0.001 -2"><span class='ocrx_word' id='word_1_265' title='bbox 412 3443 632 3518; x_wconf 88' lang='lat' dir='ltr'>Bobuslav</span> <span class='ocrx_word' id='word_1_266' title='bbox 661 3443 926 3518; x_wconf 89' lang='lat' dir='ltr'>Viktorinovi</span> <span class='ocrx_word' id='word_1_267' title='bbox 954 3467 1002 3517; x_wconf 88' lang='lat' dir='ltr'>ze</span> <span class='ocrx_word' id='word_1_268' title='bbox 1030 3443 1211 3518; x_wconf 71' lang='lat' dir='ltr'>Vsehrd.</span> 
     </span>
    </p>
   </div>
   <div class='ocr_carea' id='block_1_5' title="bbox 89 3608 1542 3858">
    <p class='ocr_par' dir='ltr' id='par_1_5' title="bbox 89 3608 1542 3858">
     <span class='ocr_line' id='line_1_27' title="bbox 100 3608 1540 3686; baseline -0.003 -15"><span class='ocrx_word' id='word_1_269' title='bbox 100 3608 103 3614; x_wconf 61' lang='grc'>’</span> <span class='ocrx_word' id='word_1_270' title='bbox 176 3615 197 3671; x_wconf 88' lang='grc' dir='ltr'><strong><em>Ζ</em></strong></span> <span class='ocrx_word' id='word_1_271' title='bbox 217 3614 298 3673; x_wconf 73' lang='lat' dir='ltr'>stim</span> <span class='ocrx_word' id='word_1_272' title='bbox 318 3614 382 3672; x_wconf 74' lang='lat'>1⁴92</span> <span class='ocrx_word' id='word_1_273' title='bbox 401 3645 433 3654; x_wconf 90' lang='lat'><em>-</em></span> <span class='ocrx_word' id='word_1_274' title='bbox 452 3615 497 3671; x_wconf 78' lang='lat'>8⁰.</span> <span class='ocrx_word' id='word_1_275' title='bbox 517 3612 595 3686; x_wconf 72' lang='lat' dir='ltr'>ilina.</span> <span class='ocrx_word' id='word_1_276' title='bbox 626 3615 733 3684; x_wconf 72' lang='lat' dir='ltr'>Dekuje</span> <span class='ocrx_word' id='word_1_277' title='bbox 751 3632 785 3668; x_wconf 89' lang='lat' dir='ltr'>za</span> <span class='ocrx_word' id='word_1_278' title='bbox 802 3616 897 3686; x_wconf 77' lang='lat' dir='ltr'>plizen</span> <span class='ocrx_word' id='word_1_279' title='bbox 923 3616 989 3670; x_wconf 69' lang='lat' dir='ltr'>sobe</span> <span class='ocrx_word' id='word_1_280' title='bbox 1017 3616 1194 3669; x_wconf 68' lang='lat' dir='ltr'>osvdddenou</span> <span class='ocrx_word' id='word_1_281' title='bbox 1214 3615 1222 3668; x_wconf 96' lang='lat' dir='ltr'>i</span> <span class='ocrx_word' id='word_1_282' title='bbox 1243 3616 1361 3685; x_wconf 73' lang='lat' dir='ltr'>vyltlitda</span> <span class='ocrx_word' id='word_1_283' title='bbox 1379 3614 1457 3683; x_wconf 73' lang='lat' dir='ltr'>trpne</span> <span class='ocrx_word' id='word_1_284' title='bbox 1476 3614 1540 3668; x_wconf 90' lang='lat' dir='ltr'>cho·</span> 
     </span>
     <span class='ocr_line' id='line_1_28' title="bbox 89 3701 1542 3770; baseline -0.001 -15"><span class='ocrx_word' id='word_1_285' title='bbox 89 3705 155 3757; x_wconf 75' lang='lat' dir='ltr'>vini</span> <span class='ocrx_word' id='word_1_286' title='bbox 176 3703 225 3756; x_wconf 71' lang='lat' dir='ltr'>sve</span> <span class='ocrx_word' id='word_1_287' title='bbox 245 3721 262 3754; x_wconf 89' lang='lat' dir='ltr'>v</span> <span class='ocrx_word' id='word_1_288' title='bbox 274 3701 427 3757; x_wconf 72' lang='lat' dir='ltr'>zlleiitosti</span> <span class='ocrx_word' id='word_1_289' title='bbox 447 3701 629 3755; x_wconf 69' lang='lat' dir='ltr'>Olornouclre.</span> <span class='ocrx_word' id='word_1_290' title='bbox 660 3701 764 3770; x_wconf 86' lang='lat' dir='ltr'>Slibuje</span> <span class='ocrx_word' id='word_1_291' title='bbox 783 3702 919 3757; x_wconf 71' lang='lat' dir='ltr'>vdecnost</span> <span class='ocrx_word' id='word_1_292' title='bbox 937 3720 1006 3755; x_wconf 89' lang='lat' dir='ltr'>svou</span> <span class='ocrx_word' id='word_1_293' title='bbox 1025 3703 1128 3756; x_wconf 70' lang='lat' dir='ltr'>avlaiste</span> <span class='ocrx_word' id='word_1_294' title='bbox 1147 3720 1221 3770; x_wconf 88' lang='lat' dir='ltr'>pann</span> <span class='ocrx_word' id='word_1_295' title='bbox 1240 3701 1381 3755; x_wconf 90' lang='lat' dir='ltr'>Ctiborovi</span> <span class='ocrx_word' id='word_1_296' title='bbox 1400 3702 1542 3755; x_wconf 69' lang='lat' dir='ltr'>Tovadov·</span> 
     </span>
     <span class='ocr_line' id='line_1_29' title="bbox 90 3789 963 3858; baseline -0.003 -14"><span class='ocrx_word' id='word_1_297' title='bbox 90 3792 189 3844; x_wconf 75' lang='lat' dir='ltr'>skemu</span> <span class='ocrx_word' id='word_1_298' title='bbox 208 3789 392 3843; x_wconf 76' lang='lat' dir='ltr'>zCimburlra</span> <span class='ocrx_word' id='word_1_299' title='bbox 411 3790 501 3857; x_wconf 88' lang='lat' dir='ltr'>(Nova</span> <span class='ocrx_word' id='word_1_300' title='bbox 520 3806 581 3857; x_wconf 86' lang='lat' dir='ltr'>app.</span> <span class='ocrx_word' id='word_1_301' title='bbox 600 3789 679 3857; x_wconf 83' lang='lat' dir='ltr'>epist.</span> <span class='ocrx_word' id='word_1_302' title='bbox 697 3789 722 3853; x_wconf 88' lang='lat'>6,</span> <span class='ocrx_word' id='word_1_303' title='bbox 741 3789 892 3858; x_wconf 83' lang='lat' dir='ltr'>Vinaiiclry&#39;</span> <span class='ocrx_word' id='word_1_304' title='bbox 912 3790 963 3857; x_wconf 77' lang='lat'>12.)</span> 
     </span>
    </p>
   </div>
   <div class='ocr_carea' id='block_1_6' title="bbox 90 3965 1549 5406">
    <p class='ocr_par' dir='ltr' id='par_1_6' title="bbox 90 3965 1549 5406">
     <span class='ocr_line' id='line_1_30' title="bbox 179 3965 1545 4030; baseline -0.003 0"><span class='ocrx_word' id='word_1_305' title='bbox 179 3968 222 4030; x_wconf 90' lang='grc' dir='ltr'>Μ.</span> <span class='ocrx_word' id='word_1_306' title='bbox 246 3967 417 4030; x_wconf 89' lang='lat' dir='ltr'>Victorino</span> <span class='ocrx_word' id='word_1_307' title='bbox 448 3965 668 4029; x_wconf 85' lang='lat' dir='ltr'>Chrudimensi</span> <span class='ocrx_word' id='word_1_308' title='bbox 693 3967 735 4030; x_wconf 92' lang='lat' dir='ltr'>de</span> <span class='ocrx_word' id='word_1_309' title='bbox 759 3967 915 4030; x_wconf 85' lang='lat' dir='ltr'>Wsselud</span> <span class='ocrx_word' id='word_1_310' title='bbox 938 3987 961 4029; x_wconf 92' lang='lat' dir='ltr'>s.</span> <span class='ocrx_word' id='word_1_311' title='bbox 986 3966 1015 4028; x_wconf 95' lang='lat' dir='ltr'>d.</span> <span class='ocrx_word' id='word_1_312' title='bbox 1056 3966 1164 4028; x_wconf 89' lang='lat' dir='ltr'>Hodie</span> <span class='ocrx_word' id='word_1_313' title='bbox 1195 3966 1270 4028; x_wconf 90' lang='lat' dir='ltr'>mihi</span> <span class='ocrx_word' id='word_1_314' title='bbox 1292 3967 1351 4028; x_wconf 91' lang='lat' dir='ltr'>abs</span> <span class='ocrx_word' id='word_1_315' title='bbox 1381 3977 1413 4028; x_wconf 92' lang='lat' dir='ltr'>te</span> <span class='ocrx_word' id='word_1_316' title='bbox 1436 3965 1545 4028; x_wconf 91' lang='lat' dir='ltr'>literae</span> 
     </span>
     <span class='ocr_line' id='line_1_31' title="bbox 91 4071 1546 4154; baseline -0.001 -21"><span class='ocrx_word' id='word_1_317' title='bbox 91 4072 237 4134; x_wconf 88' lang='lat' dir='ltr'>redditae</span> <span class='ocrx_word' id='word_1_318' title='bbox 260 4082 341 4147; x_wconf 92' lang='lat' dir='ltr'>sunt,</span> <span class='ocrx_word' id='word_1_319' title='bbox 361 4091 442 4151; x_wconf 88' lang='lat' dir='ltr'>quas</span> <span class='ocrx_word' id='word_1_320' title='bbox 464 4071 557 4133; x_wconf 90' lang='lat' dir='ltr'>avide</span> <span class='ocrx_word' id='word_1_321' title='bbox 573 4071 633 4154; x_wconf 90' lang='lat' dir='ltr'>legi</span> <span class='ocrx_word' id='word_1_322' title='bbox 657 4071 868 4153; x_wconf 88' lang='lat' dir='ltr'>intellexique,</span> <span class='ocrx_word' id='word_1_323' title='bbox 891 4081 923 4134; x_wconf 90' lang='lat' dir='ltr'>et</span> <span class='ocrx_word' id='word_1_324' title='bbox 946 4071 1086 4133; x_wconf 91' lang='lat' dir='ltr'>studium</span> <span class='ocrx_word' id='word_1_325' title='bbox 1103 4081 1194 4133; x_wconf 89' lang='lat' dir='ltr'>tuum</span> <span class='ocrx_word' id='word_1_326' title='bbox 1216 4073 1247 4132; x_wconf 91' lang='lat' dir='ltr'>in</span> <span class='ocrx_word' id='word_1_327' title='bbox 1264 4090 1316 4133; x_wconf 91' lang='lat' dir='ltr'>me</span> <span class='ocrx_word' id='word_1_328' title='bbox 1338 4082 1434 4151; x_wconf 91' lang='lat' dir='ltr'>atque</span> <span class='ocrx_word' id='word_1_329' title='bbox 1450 4072 1546 4132; x_wconf 93' lang='lat' dir='ltr'>bene·</span> 
     </span>
     <span class='ocr_line' id='line_1_32' title="bbox 90 4174 1545 4256; baseline -0.003 -17"><span class='ocrx_word' id='word_1_330' title='bbox 90 4176 263 4239; x_wconf 86' lang='lat' dir='ltr'>volentiam</span> <span class='ocrx_word' id='word_1_331' title='bbox 286 4195 393 4238; x_wconf 89' lang='lat' dir='ltr'>rursus</span> <span class='ocrx_word' id='word_1_332' title='bbox 424 4175 552 4237; x_wconf 85' lang='lat' dir='ltr'>mirifice</span> <span class='ocrx_word' id='word_1_333' title='bbox 575 4185 606 4236; x_wconf 87' lang='lat' dir='ltr'>et</span> <span class='ocrx_word' id='word_1_334' title='bbox 622 4176 727 4254; x_wconf 90' lang='lat' dir='ltr'>probo</span> <span class='ocrx_word' id='word_1_335' title='bbox 750 4186 782 4236; x_wconf 93' lang='lat' dir='ltr'>et</span> <span class='ocrx_word' id='word_1_336' title='bbox 809 4177 994 4256; x_wconf 86' lang='lat' dir='ltr'>amplector.</span> <span class='ocrx_word' id='word_1_337' title='bbox 1022 4174 1115 4255; x_wconf 84' lang='lat' dir='ltr'>Quae</span> <span class='ocrx_word' id='word_1_338' title='bbox 1138 4186 1246 4237; x_wconf 89' lang='lat' dir='ltr'>autem</span> <span class='ocrx_word' id='word_1_339' title='bbox 1269 4193 1312 4236; x_wconf 88' lang='lat' dir='ltr'>ex</span> <span class='ocrx_word' id='word_1_340' title='bbox 1334 4193 1387 4235; x_wconf 89' lang='lat' dir='ltr'>me</span> <span class='ocrx_word' id='word_1_341' title='bbox 1409 4192 1545 4256; x_wconf 91' lang='lat' dir='ltr'>cognos-</span> 
     </span>
     <span class='ocr_line' id='line_1_33' title="bbox 90 4277 1545 4361; baseline -0.002 -19"><span class='ocrx_word' id='word_1_342' title='bbox 90 4300 163 4342; x_wconf 88' lang='lat' dir='ltr'>cere</span> <span class='ocrx_word' id='word_1_343' title='bbox 193 4280 290 4359; x_wconf 87' lang='lat' dir='ltr'>cupis‚</span> <span class='ocrx_word' id='word_1_344' title='bbox 314 4283 422 4361; x_wconf 88' lang='lat' dir='ltr'>paucis</span> <span class='ocrx_word' id='word_1_345' title='bbox 438 4282 554 4359; x_wconf 88' lang='lat' dir='ltr'>accipe.</span> <span class='ocrx_word' id='word_1_346' title='bbox 588 4279 667 4361; x_wconf 89' lang='lat' dir='ltr'>Ego,</span> <span class='ocrx_word' id='word_1_347' title='bbox 686 4280 856 4354; x_wconf 91' lang='lat' dir='ltr'>Victorine,</span> <span class='ocrx_word' id='word_1_348' title='bbox 880 4300 953 4342; x_wconf 88' lang='lat' dir='ltr'>curn</span> <span class='ocrx_word' id='word_1_349' title='bbox 977 4282 1115 4359; x_wconf 90' lang='lat' dir='ltr'>primum</span> <span class='ocrx_word' id='word_1_350' title='bbox 1132 4280 1224 4342; x_wconf 89' lang='lat' dir='ltr'>huius</span> <span class='ocrx_word' id='word_1_351' title='bbox 1247 4281 1290 4339; x_wconf 91' lang='lat' dir='ltr'>rei</span> <span class='ocrx_word' id='word_1_352' title='bbox 1309 4281 1431 4342; x_wconf 90' lang='lat' dir='ltr'>mentio</span> <span class='ocrx_word' id='word_1_353' title='bbox 1447 4277 1545 4353; x_wconf 82' lang='lat' dir='ltr'>lieret,</span> 
     </span>
     <span class='ocr_line' id='line_1_34' title="bbox 91 4381 1545 4463; baseline -0.001 -18"><span class='ocrx_word' id='word_1_354' title='bbox 91 4388 122 4446; x_wconf 90' lang='lat' dir='ltr'>in</span> <span class='ocrx_word' id='word_1_355' title='bbox 145 4386 296 4445; x_wconf 86' lang='lat' dir='ltr'>extremis</span> <span class='ocrx_word' id='word_1_356' title='bbox 326 4396 482 4447; x_wconf 89' lang='lat' dir='ltr'>terrarum</span> <span class='ocrx_word' id='word_1_357' title='bbox 505 4386 569 4445; x_wconf 89' lang='lat' dir='ltr'>oris</span> <span class='ocrx_word' id='word_1_358' title='bbox 584 4386 776 4447; x_wconf 87' lang='lat' dir='ltr'>constitutus</span> <span class='ocrx_word' id='word_1_359' title='bbox 801 4404 896 4458; x_wconf 90' lang='lat' dir='ltr'>eram,</span> <span class='ocrx_word' id='word_1_360' title='bbox 919 4402 1126 4463; x_wconf 89' lang='lat' dir='ltr'>reversusque</span> <span class='ocrx_word' id='word_1_361' title='bbox 1157 4381 1274 4445; x_wconf 91' lang='lat' dir='ltr'>deinde</span> <span class='ocrx_word' id='word_1_362' title='bbox 1297 4385 1327 4444; x_wconf 92' lang='lat' dir='ltr'>in</span> <span class='ocrx_word' id='word_1_363' title='bbox 1351 4385 1486 4462; x_wconf 90' lang='lat' dir='ltr'>patriam</span> <span class='ocrx_word' id='word_1_364' title='bbox 1503 4385 1545 4445; x_wconf 89' lang='lat' dir='ltr'>ita</span> 
     </span>
     <span class='ocr_line' id='line_1_35' title="bbox 91 4487 1547 4572; baseline -0.003 -22"><span class='ocrx_word' id='word_1_365' title='bbox 91 4508 145 4550; x_wconf 90' lang='lat' dir='ltr'>me</span> <span class='ocrx_word' id='word_1_366' title='bbox 168 4491 261 4572; x_wconf 90' lang='lat' dir='ltr'>gessi,</span> <span class='ocrx_word' id='word_1_367' title='bbox 284 4499 319 4551; x_wconf 89' lang='lat' dir='ltr'>ut</span> <span class='ocrx_word' id='word_1_368' title='bbox 342 4489 502 4571; x_wconf 83' lang='lat' dir='ltr'>fastigium</span> <span class='ocrx_word' id='word_1_369' title='bbox 527 4487 589 4549; x_wconf 88' lang='lat' dir='ltr'>hoc</span> <span class='ocrx_word' id='word_1_370' title='bbox 605 4488 788 4567; x_wconf 82' lang='lat' dir='ltr'>pontificale</span> <span class='ocrx_word' id='word_1_371' title='bbox 811 4507 917 4569; x_wconf 88' lang='lat' dir='ltr'>neque</span> <span class='ocrx_word' id='word_1_372' title='bbox 940 4500 1135 4568; x_wconf 89' lang='lat' dir='ltr'>appeterem,</span> <span class='ocrx_word' id='word_1_373' title='bbox 1158 4505 1264 4566; x_wconf 93' lang='lat' dir='ltr'>neque</span> <span class='ocrx_word' id='word_1_374' title='bbox 1286 4487 1382 4566; x_wconf 90' lang='lat' dir='ltr'>plane</span> <span class='ocrx_word' id='word_1_375' title='bbox 1406 4487 1547 4548; x_wconf 83' lang='lat' dir='ltr'>reformi-</span> 
     </span>
     <span class='ocr_line' id='line_1_36' title="bbox 91 4590 1546 4672; baseline -0.003 -17"><span class='ocrx_word' id='word_1_376' title='bbox 91 4593 212 4667; x_wconf 90' lang='lat' dir='ltr'>darem,</span> <span class='ocrx_word' id='word_1_377' title='bbox 236 4591 294 4654; x_wconf 92' lang='lat' dir='ltr'>sed</span> <span class='ocrx_word' id='word_1_378' title='bbox 318 4603 476 4672; x_wconf 90' lang='lat' dir='ltr'>utranque</span> <span class='ocrx_word' id='word_1_379' title='bbox 500 4591 660 4655; x_wconf 78' lang='lat' dir='ltr'>fortunam</span> <span class='ocrx_word' id='word_1_380' title='bbox 685 4593 764 4653; x_wconf 85' lang='lat' dir='ltr'>ferre</span> <span class='ocrx_word' id='word_1_381' title='bbox 788 4606 918 4671; x_wconf 89' lang='lat' dir='ltr'>paratus</span> <span class='ocrx_word' id='word_1_382' title='bbox 940 4611 1054 4665; x_wconf 90' lang='lat' dir='ltr'>essem,</span> <span class='ocrx_word' id='word_1_383' title='bbox 1077 4603 1227 4653; x_wconf 90' lang='lat' dir='ltr'>eventum</span> <span class='ocrx_word' id='word_1_384' title='bbox 1251 4592 1294 4652; x_wconf 93' lang='lat' dir='ltr'>rei</span> <span class='ocrx_word' id='word_1_385' title='bbox 1317 4590 1433 4652; x_wconf 89' lang='lat' dir='ltr'>scilicet</span> <span class='ocrx_word' id='word_1_386' title='bbox 1457 4590 1546 4651; x_wconf 83' lang='lat' dir='ltr'>facile</span> 
     </span>
     <span class='ocr_line' id='line_1_37' title="bbox 91 4695 1546 4776; baseline -0.002 -18"><span class='ocrx_word' id='word_1_387' title='bbox 91 4705 279 4776; x_wconf 78' lang='lat' dir='ltr'>expectans,</span> <span class='ocrx_word' id='word_1_388' title='bbox 303 4695 339 4757; x_wconf 95' lang='lat' dir='ltr'>ld</span> <span class='ocrx_word' id='word_1_389' title='bbox 361 4699 419 4757; x_wconf 89' lang='lat' dir='ltr'>etsi</span> <span class='ocrx_word' id='word_1_390' title='bbox 443 4697 519 4758; x_wconf 91' lang='lat' dir='ltr'>mihi</span> <span class='ocrx_word' id='word_1_391' title='bbox 541 4716 655 4758; x_wconf 91' lang='lat' dir='ltr'>omnes</span> <span class='ocrx_word' id='word_1_392' title='bbox 683 4699 744 4757; x_wconf 88' lang='lat' dir='ltr'>mei</span> <span class='ocrx_word' id='word_1_393' title='bbox 767 4716 850 4776; x_wconf 89' lang='lat' dir='ltr'>pene</span> <span class='ocrx_word' id='word_1_394' title='bbox 872 4699 949 4759; x_wconf 86' lang='lat' dir='ltr'>vitio</span> <span class='ocrx_word' id='word_1_395' title='bbox 972 4697 1059 4769; x_wconf 93' lang='lat' dir='ltr'>dant,</span> <span class='ocrx_word' id='word_1_396' title='bbox 1089 4715 1142 4757; x_wconf 92' lang='lat' dir='ltr'>me</span> <span class='ocrx_word' id='word_1_397' title='bbox 1166 4707 1273 4757; x_wconf 85' lang='lat' dir='ltr'>tamen</span> <span class='ocrx_word' id='word_1_398' title='bbox 1301 4695 1394 4757; x_wconf 89' lang='lat' dir='ltr'>huius</span> <span class='ocrx_word' id='word_1_399' title='bbox 1416 4697 1546 4756; x_wconf 90' lang='lat' dir='ltr'>instituti</span> 
     </span>
     <span class='ocr_line' id='line_1_38' title="bbox 93 4798 1546 4881; baseline -0.002 -18"><span class='ocrx_word' id='word_1_400' title='bbox 93 4803 159 4863; x_wconf 89' lang='lat' dir='ltr'>mei</span> <span class='ocrx_word' id='word_1_401' title='bbox 181 4802 311 4861; x_wconf 89' lang='lat' dir='ltr'>minime</span> <span class='ocrx_word' id='word_1_402' title='bbox 334 4801 499 4880; x_wconf 89' lang='lat' dir='ltr'>poenituit,</span> <span class='ocrx_word' id='word_1_403' title='bbox 522 4803 577 4881; x_wconf 92' lang='lat' dir='ltr'>qui</span> <span class='ocrx_word' id='word_1_404' title='bbox 600 4819 666 4862; x_wconf 93' lang='lat' dir='ltr'>non</span> <span class='ocrx_word' id='word_1_405' title='bbox 682 4821 739 4880; x_wconf 93' lang='lat' dir='ltr'>per</span> <span class='ocrx_word' id='word_1_406' title='bbox 762 4800 931 4862; x_wconf 87' lang='lat' dir='ltr'>fenestram</span> <span class='ocrx_word' id='word_1_407' title='bbox 954 4800 1012 4862; x_wconf 93' lang='lat' dir='ltr'>sed</span> <span class='ocrx_word' id='word_1_408' title='bbox 1035 4820 1093 4879; x_wconf 92' lang='lat' dir='ltr'>per</span> <span class='ocrx_word' id='word_1_409' title='bbox 1107 4803 1224 4861; x_wconf 89' lang='lat' dir='ltr'>ostium</span> <span class='ocrx_word' id='word_1_410' title='bbox 1248 4798 1329 4860; x_wconf 88' lang='lat' dir='ltr'>ovile</span> <span class='ocrx_word' id='word_1_411' title='bbox 1352 4798 1546 4860; x_wconf 89' lang='lat' dir='ltr'>dominicum</span> 
     </span>
     <span class='ocr_line' id='line_1_39' title="bbox 94 4903 1548 4988; baseline -0.001 -23"><span class='ocrx_word' id='word_1_412' title='bbox 94 4904 220 4988; x_wconf 89' lang='lat' dir='ltr'>ingredi</span> <span class='ocrx_word' id='word_1_413' title='bbox 243 4906 347 4983; x_wconf 87' lang='lat' dir='ltr'>cupio.</span> <span class='ocrx_word' id='word_1_414' title='bbox 371 4903 488 4985; x_wconf 86' lang='lat' dir='ltr'>Neque</span> <span class='ocrx_word' id='word_1_415' title='bbox 507 4916 563 4980; x_wconf 91' lang='lat' dir='ltr'>est,</span> <span class='ocrx_word' id='word_1_416' title='bbox 587 4904 676 4986; x_wconf 92' lang='lat' dir='ltr'>quod</span> <span class='ocrx_word' id='word_1_417' title='bbox 701 4924 753 4966; x_wconf 89' lang='lat' dir='ltr'>me</span> <span class='ocrx_word' id='word_1_418' title='bbox 778 4904 820 4966; x_wconf 92' lang='lat' dir='ltr'>ad</span> <span class='ocrx_word' id='word_1_419' title='bbox 843 4925 900 4967; x_wconf 91' lang='lat' dir='ltr'>eos</span> <span class='ocrx_word' id='word_1_420' title='bbox 926 4908 1076 4979; x_wconf 87' lang='lat' dir='ltr'>remittas,</span> <span class='ocrx_word' id='word_1_421' title='bbox 1099 4907 1153 4984; x_wconf 93' lang='lat' dir='ltr'>qui</span> <span class='ocrx_word' id='word_1_422' title='bbox 1177 4903 1344 4986; x_wconf 88' lang='lat' dir='ltr'>dignitates</span> <span class='ocrx_word' id='word_1_423' title='bbox 1367 4903 1548 4965; x_wconf 89' lang='lat' dir='ltr'>huiusmodi</span> 
     </span>
     <span class='ocr_line' id='line_1_40' title="bbox 92 5005 1548 5090; baseline -0.002 -19"><span class='ocrx_word' id='word_1_424' title='bbox 92 5009 275 5090; x_wconf 76' lang='lat' dir='ltr'>perisset</span> <span class='ocrx_word' id='word_1_425' title='bbox 299 5010 387 5071; x_wconf 85' lang='lat' dir='ltr'>nefas</span> <span class='ocrx_word' id='word_1_426' title='bbox 410 5012 570 5072; x_wconf 90' lang='lat' dir='ltr'>ambiunt:</span> <span class='ocrx_word' id='word_1_427' title='bbox 601 5030 667 5071; x_wconf 91' lang='lat' dir='ltr'>non</span> <span class='ocrx_word' id='word_1_428' title='bbox 691 5011 775 5071; x_wconf 90' lang='lat' dir='ltr'>enim</span> <span class='ocrx_word' id='word_1_429' title='bbox 799 5012 877 5071; x_wconf 90' lang='lat' dir='ltr'>tanti</span> <span class='ocrx_word' id='word_1_430' title='bbox 901 5011 1096 5090; x_wconf 81' lang='lat' dir='ltr'>(quicunque</span> <span class='ocrx_word' id='word_1_431' title='bbox 1120 5007 1250 5070; x_wconf 88' lang='lat' dir='ltr'>tandem</span> <span class='ocrx_word' id='word_1_432' title='bbox 1274 5008 1314 5069; x_wconf 92' lang='lat' dir='ltr'>illi</span> <span class='ocrx_word' id='word_1_433' title='bbox 1338 5005 1425 5090; x_wconf 90' lang='lat' dir='ltr'>sunt)</span> <span class='ocrx_word' id='word_1_434' title='bbox 1453 5028 1472 5069; x_wconf 90' lang='lat' dir='ltr'>a</span> <span class='ocrx_word' id='word_1_435' title='bbox 1496 5026 1548 5069; x_wconf 89' lang='lat' dir='ltr'>me</span> 
     </span>
     <span class='ocr_line' id='line_1_41' title="bbox 93 5112 1548 5194; baseline -0.002 -18"><span class='ocrx_word' id='word_1_436' title='bbox 93 5115 185 5187; x_wconf 87' lang='lat' dir='ltr'>fiunt,</span> <span class='ocrx_word' id='word_1_437' title='bbox 208 5125 243 5175; x_wconf 89' lang='lat' dir='ltr'>ut</span> <span class='ocrx_word' id='word_1_438' title='bbox 266 5133 324 5175; x_wconf 91' lang='lat' dir='ltr'>eos</span> <span class='ocrx_word' id='word_1_439' title='bbox 339 5133 397 5192; x_wconf 92' lang='lat' dir='ltr'>pro</span> <span class='ocrx_word' id='word_1_440' title='bbox 420 5116 551 5194; x_wconf 91' lang='lat' dir='ltr'>speculo</span> <span class='ocrx_word' id='word_1_441' title='bbox 567 5127 664 5194; x_wconf 91' lang='lat' dir='ltr'>atque</span> <span class='ocrx_word' id='word_1_442' title='bbox 680 5114 855 5194; x_wconf 87' lang='lat' dir='ltr'>exemplari</span> <span class='ocrx_word' id='word_1_443' title='bbox 871 5116 1034 5175; x_wconf 89' lang='lat' dir='ltr'>actionum</span> <span class='ocrx_word' id='word_1_444' title='bbox 1051 5132 1193 5174; x_wconf 90' lang='lat' dir='ltr'>mearum</span> <span class='ocrx_word' id='word_1_445' title='bbox 1210 5113 1362 5187; x_wconf 86' lang='lat' dir='ltr'>habeam;</span> <span class='ocrx_word' id='word_1_446' title='bbox 1387 5112 1445 5176; x_wconf 92' lang='lat' dir='ltr'>sed</span> <span class='ocrx_word' id='word_1_447' title='bbox 1463 5113 1548 5174; x_wconf 90' lang='lat' dir='ltr'>malo</span> 
     </span>
     <span class='ocr_line' id='line_1_42' title="bbox 94 5217 1549 5301; baseline -0.002 -20"><span class='ocrx_word' id='word_1_448' title='bbox 94 5222 202 5281; x_wconf 91' lang='lat' dir='ltr'>bonus</span> <span class='ocrx_word' id='word_1_449' title='bbox 226 5237 323 5298; x_wconf 91' lang='lat' dir='ltr'>quarn</span> <span class='ocrx_word' id='word_1_450' title='bbox 347 5218 443 5293; x_wconf 92' lang='lat' dir='ltr'>dives,</span> <span class='ocrx_word' id='word_1_451' title='bbox 478 5222 599 5301; x_wconf 85' lang='lat' dir='ltr'>integer</span> <span class='ocrx_word' id='word_1_452' title='bbox 629 5238 726 5299; x_wconf 90' lang='lat' dir='ltr'>quarn</span> <span class='ocrx_word' id='word_1_453' title='bbox 754 5219 931 5281; x_wconf 86' lang='lat' dir='ltr'>honoratus</span> <span class='ocrx_word' id='word_1_454' title='bbox 961 5236 1039 5278; x_wconf 89' lang='lat' dir='ltr'>esse.</span> <span class='ocrx_word' id='word_1_455' title='bbox 1079 5217 1169 5278; x_wconf 88' lang='lat' dir='ltr'>Haec</span> <span class='ocrx_word' id='word_1_456' title='bbox 1203 5217 1308 5296; x_wconf 88' lang='lat' dir='ltr'>qualia</span> <span class='ocrx_word' id='word_1_457' title='bbox 1341 5230 1425 5292; x_wconf 90' lang='lat' dir='ltr'>sunt,</span> <span class='ocrx_word' id='word_1_458' title='bbox 1460 5217 1549 5279; x_wconf 89' lang='lat' dir='ltr'>sacile</span> 
     </span>
     <span class='ocr_line' id='line_1_43' title="bbox 93 5320 1549 5406; baseline -0.001 -21"><span class='ocrx_word' id='word_1_459' title='bbox 93 5325 274 5404; x_wconf 88' lang='lat' dir='ltr'>perspicere</span> <span class='ocrx_word' id='word_1_460' title='bbox 289 5332 389 5400; x_wconf 89' lang='lat' dir='ltr'>potes,</span> <span class='ocrx_word' id='word_1_461' title='bbox 405 5325 459 5402; x_wconf 90' lang='lat' dir='ltr'>qui</span> <span class='ocrx_word' id='word_1_462' title='bbox 473 5333 604 5385; x_wconf 89' lang='lat' dir='ltr'>naturae</span> <span class='ocrx_word' id='word_1_463' title='bbox 620 5343 711 5385; x_wconf 89' lang='lat' dir='ltr'>meae</span> <span class='ocrx_word' id='word_1_464' title='bbox 727 5342 792 5385; x_wconf 93' lang='lat' dir='ltr'>non</span> <span class='ocrx_word' id='word_1_465' title='bbox 809 5325 941 5384; x_wconf 90' lang='lat' dir='ltr'>omnino</span> <span class='ocrx_word' id='word_1_466' title='bbox 958 5320 1004 5404; x_wconf 90' lang='lat' dir='ltr'>(ut</span> <span class='ocrx_word' id='word_1_467' title='bbox 1017 5323 1163 5406; x_wconf 84' lang='lat' dir='ltr'>arbitror)</span> <span class='ocrx_word' id='word_1_468' title='bbox 1180 5327 1307 5406; x_wconf 88' lang='lat' dir='ltr'>ignarus</span> <span class='ocrx_word' id='word_1_469' title='bbox 1319 5344 1362 5388; x_wconf 90' lang='lat' dir='ltr'>es.</span> <span class='ocrx_word' id='word_1_470' title='bbox 1380 5321 1549 5386; x_wconf 85' lang='lat' dir='ltr'>Caeterum</span> 
     </span>
    </p>
   </div>
   <div class='ocr_carea' id='block_1_7' title="bbox 0 0 1850 5850">
    <p class='ocr_par' dir='ltr' id='par_1_7' title="bbox 0 0 1850 5850">
     <span class='ocr_line' id='line_1_44' title="bbox 0 0 1850 5850; baseline 0 0"><span class='ocrx_word' id='word_1_471' title='bbox 0 0 1850 5850; x_wconf 95' lang='lat' dir='ltr'> </span> 
     </span>
    </p>
   </div>
  </div>
 </body>
</html>
