3660 5850
185 359 203 413 8
865 354 957 415 1402

182 574 252 635 fers
276 571 387 634 Petrus
410 571 564 633 accelerat
586 581 617 632 et
640 589 706 631 non
729 570 881 650 permittit
903 568 990 631 aliud
1013 570 1157 631 scribere.
1190 567 1279 630 Vale.
1311 565 1402 630 Tuus
1424 586 1505 641 sum,
1529 570 1554 629 si
1578 586 1636 627 un·

183 696 280 758 quarn
303 676 355 738 lui.
380 675 510 736 Videbo
534 684 565 735 te
588 674 689 747 citius,
713 692 810 753 quarn
834 692 943 751 speras
966 672 1056 733 forte.
1085 673 1165 736 1482
1188 672 1239 735 die
1263 672 1313 736 20.
1337 671 1421 753 hlaji.
1449 671 1525 733 Duo
1548 672 1635 751 paria

183 782 359 843 cultrorum
383 782 476 841 mitto
499 788 531 839 et
554 779 586 840 in
610 777 793 839 Hesiodum
815 787 1043 839 commentum.

270 967 331 1020 List
349 975 427 1020 tento
443 965 498 1033 jest
517 965 642 1033 nejstarsi
662 964 749 1019 urdite
769 965 909 1033 datovany‘
923 965 1109 1017 Bohuslavllv.
1129 966 1235 1016 Pozoru
1255 962 1422 1030 hodnojest
1442 962 1473 1016 ie
1488 962 1526 1030 jit
1540 980 1557 1013 v
1571 965 1634 1015 nem

184 1055 258 1110 arati
285 1072 315 1107 se
343 1052 545 1123 pessimisticlre
574 1052 707 1120 smydlenl
735 1053 919 1121 opomErech
947 1050 1077 1119 deshy‘ch,
1100 1049 1182 1118 jehoi
1209 1051 1307 1103 auktor
1331 1048 1467 1120 nepozbyl
1490 1049 1527 1102 do
1546 1050 1625 1105 smrti

185 1141 334 1199 Slibovand
353 1158 388 1196 na
406 1140 489 1195 konci
508 1140 642 1195 odvtteva
660 1139 872 1194 neuskutetnila
890 1157 928 1202 se,
947 1138 1038 1209 polrud
1058 1138 1140 1203 virne,
1159 1137 1192 1191 ai
1210 1154 1231 1193 r.
1249 1136 1323 1192 1485.

894 1457 923 1523 6.

611 1599 710 1670 Petr
739 1596 888 1669 Schott
915 1592 1218 1668 Bohuslavovi.

269 1767 307 1824 20
326 1748 497 1825 §lnthutlut
517 1767 582 1823 tlte
602 1796 632 1804 -
653 1766 689 1822 lb.
708 1765 796 1837 llslup.
827 1766 919 1818 Posr'la
937 1765 983 1819 list
1007 1765 1043 1817 do
1062 1752 1137 1817 (lech
1160 1764 1204 1831 jsa
1222 1764 1390 1832 vnejistote‚
1419 1764 1471 1816 kde
1490 1764 1632 1816 Bohuslav

185 1855 289 1919 melle,
309 1855 420 1908 doma-li
440 1855 465 1907 ti
482 1854 553 1922 jeste
572 1871 590 1905 v
603 1853 681 1906 ltalii.
700 1852 812 1922 Vyty'lnl
831 1870 877 1906 mu
891 1853 1027 1905 liknavost
1047 1870 1063 1904 v
1076 1852 1249 1921 dopisovltnl,
1261 1868 1278 1903 a
1290 1852 1393 1920 zpravu
1406 1852 1478 1905 davd
1490 1869 1508 1904 o
1521 1850 1634 1904 brzlrern

187 1943 264 1996 svern
285 1941 409 1995 hne‘lstvi
428 1959 445 1994 a
464 1941 652 1994 kanovnictvl.
671 1941 780 2007 (Schott
799 1939 816 1992 f.
838 1938 869 1991 19
879 1945 914 2003 b).

270 2136 382 2198 Petrus
404 2135 557 2198 Schottus
581 2134 751 2218 magnifico
777 2147 875 2214 atque
898 2153 1057 2215 generoso
1088 2134 1222 2196 domino
1245 2132 1409 2195 Bohuslao
1431 2131 1472 2194 de
1497 2131 1638 2193 Hassen·

187 2243 267 2303 stein
291 2261 314 2301 s.
335 2259 364 2319 p.
380 2240 410 2301 d.
434 2239 640 2320 Quamquam
665 2242 786 2322 ignoro,
809 2239 939 2300 ubinam
963 2241 1106 2320 gentium
1129 2242 1225 2300 vitam
1241 2257 1326 2320 agas,
1349 2240 1395 2299 vir
1410 2238 1639 2299 humanissime

186 2356 329 2425 (prorsus
345 2345 466 2426 ignoro,
490 2343 667 2405 dontuntne
690 2344 827 2417 redieris
851 2362 891 2404 an
908 2343 1012 2405 adhuc
1031 2345 1110 2406 inter
1134 2343 1230 2405 Italos
1252 2343 1346 2404 bonis
1362 2342 1483 2404 artibus
1506 2360 1638 2421 operam

187 2445 382 2531 impendas):
406 2460 514 2511 tamen
537 2450 761 2527 opportunitas
793 2447 835 2509 Μ.
860 2446 1019 2509 Valentini
1043 2447 1084 2508 de
1108 2447 1209 2509 Ponte
1232 2449 1347 2521 nuncii,
1373 2449 1463 2509 cuius
1487 2446 1586 2507 lidem
1608 2457 1639 2506 te

121 2564 128 2571 “
187 2554 389 2634 potissimum
412 2565 560 2616 narrante
586 2555 732 2636 cognovi,
760 2552 873 2625 effecit,
905 2555 992 2614 utin
1016 2551 1181 2614 castellum
1209 2570 1342 2631 quoque
1368 2563 1508 2613 vestrum
1535 2550 1639 2612 literas

187 2656 229 2719 ad
252 2667 284 2718 te
306 2675 395 2719 meas
425 2659 552 2735 perferri
583 2676 735 2731 curarem,
766 2659 791 2719 si
823 2658 903 2719 sorte
926 2677 944 2717 a
968 2656 1121 2718 Bohemia
1151 2658 1393 2736 responsionem
1424 2657 1639 2729 merebuntur,

188 2781 285 2843 quam
304 2764 334 2823 in
351 2761 472 2823 ltaliam
494 2763 589 2825 toties
605 2765 720 2823 missae
736 2781 801 2823 non
818 2763 1072 2839 impetraverunt.
1096 2762 1202 2823 Nemo
1227 2760 1301 2821 mihi
1317 2760 1406 2822 sacile
1421 2760 1640 2845 persuasisset,

189 2864 357 2939 Bohuslae,
380 2884 432 2926 me
467 2868 509 2928 ita
543 2878 600 2928 tuo
634 2867 776 2946 potuisse
810 2865 958 2927 excidere
982 2867 1099 2939 animo,
1133 2876 1168 2927 ut
1200 2862 1278 2946 (non
1312 2860 1430 2945 dicam)
1463 2882 1530 2924 non
1565 2862 1640 2924 mihi

188 2970 408 3047 responderes
423 2970 480 3032 sed
496 2981 608 3049 tuapte
624 2967 694 3053 (sic)
711 2968 752 3030 ad
769 2989 821 3031 me
843 2988 908 3030 non
925 2971 1086 3031 scriberes.
1110 2969 1226 3049 Neque
1241 2971 1325 3029 enim
1340 2968 1373 3029 id
1388 2978 1591 3041 convenerat,
1606 2978 1641 3028 ut

188 3074 305 3136 semoti
327 3073 516 3152 corporibus
539 3092 577 3134 ea
601 3092 740 3153 quoque,
771 3092 854 3153 quae
877 3073 919 3134 ad
943 3076 1115 3135 amicitiant
1146 3071 1299 3134 tuendam
1330 3074 1531 3150 pertinerent,
1555 3081 1640 3149 post-

189 3178 394 3239 haberemus:
426 3181 504 3257 quin
527 3180 635 3257 potius
661 3190 696 3240 tu
719 3177 788 3240 dies
818 3189 995 3256 noctesque
1024 3178 1246 3249 obtestabaris,
1276 3188 1310 3238 ut
1338 3175 1499 3238 literarum
1525 3177 1641 3236 vicissi-

189 3281 331 3342 tudinem
348 3300 513 3362 nunquant
532 3284 780 3344 intermitterem.
799 3281 833 3343 ld
849 3302 911 3363 ego
926 3301 1001 3343 curn
1017 3284 1209 3361 pronissimo
1225 3299 1385 3341 consensu
1401 3279 1641 3359 spoponderim,

191 3385 280 3465 quod
295 3383 337 3446 ad
353 3404 405 3447 nte
421 3388 566 3464 pertinet.
583 3389 649 3447 sine
666 3387 777 3448 fraude
793 3406 859 3447 non
876 3385 977 3448 modo
994 3386 1127 3464 impleri,
1151 3384 1208 3446 sed
1227 3394 1259 3444 et
1280 3385 1336 3445 tibi
1356 3386 1440 3444 viam
1460 3382 1641 3464 significavi,

190 3508 254 3567 qua
276 3489 511 3551 tabellariorum
534 3490 575 3550 ad
600 3509 652 3550 me
683 3490 866 3552 facultatem
897 3490 1123 3569 adipiscereris,
1158 3488 1282 3550 Verum
1305 3500 1339 3550 tu
1361 3487 1505 3567 —quid
1536 3485 1642 3548 multis

190 3612 273 3671 opus
296 3593 363 3654 est?
386 3592 418 3655 Si
442 3604 474 3654 te
498 3606 627 3656 mutuus
650 3614 749 3667 arnor,
773 3596 826 3673 qui
844 3598 949 3654 inme
965 3596 1036 3672 ipso
1059 3594 1132 3654 nihil
1157 3612 1288 3671 prorsus
1304 3594 1489 3654 imminutus
1504 3602 1561 3665 est,
1577 3610 1641 3653 non

191 3708 307 3767 moret,
332 3697 476 3775 profecto
500 3700 767 3777 exprobrationes
791 3698 851 3758 hae
874 3701 904 3758 in
929 3710 960 3759 te
984 3698 1057 3759 nihil
1081 3698 1206 3758 iaciunt.
1229 3694 1295 3758 Sed
1318 3697 1395 3777 quid
1423 3714 1551 3757 mecum
1578 3706 1642 3757 sto-

192 3800 341 3862 machor?
355 3800 474 3862 Gratus
486 3822 531 3866 es.
549 3802 822 3883 hlagniticatorem
839 3821 944 3863 rerum
964 3813 1140 3863 vestrarum
1156 3800 1246 3862 Pium
1264 3802 1297 3863 ll.
1314 3800 1455 3863 falsitatis
1471 3800 1642 3862 insimulari

193 3924 258 3966 non
276 3908 402 3983 poteris,
419 3909 472 3985 qui
485 3909 578 3968 vestri
594 3909 719 3987 generis
734 3909 818 3968 viros
834 3905 908 3967 fidei
925 3917 1054 3966 tenaces
1070 3907 1199 3984 scripsit.
1223 3904 1258 3967 ld
1274 3906 1358 3966 enim
1374 3907 1418 3967 sic
1433 3906 1533 3983 ac'cipi
1549 3923 1643 3982 opor-

193 4019 267 4075 tere.
291 4021 325 4069 ut
345 4008 485 4088 loannes
513 4011 562 4070 ille
585 4014 759 4071 canonicus
783 4009 967 4071 Eistetensis
998 4011 1221 4088 interpretatus
1243 4019 1299 4081 est,
1327 4022 1363 4070 tu
1385 4011 1460 4070 satis
1483 4026 1642 4087 superque

193 4114 407 4174 testimonium
424 4114 525 4175 atl‘ers.
549 4114 612 4194 Qui
629 4128 659 4175 et
677 4114 707 4175 id
725 4118 768 4175 ita
782 4113 1003 4192 accipiendum
1028 4114 1186 4175 iudicarit:
1210 4132 1275 4174 non
1292 4113 1381 4193 quod
1397 4111 1495 4173 fidem
1511 4122 1642 4185 servent,
1699 4157 1705 4168 .

193 4216 250 4277 sed
273 4220 347 4296 quia
363 4218 448 4297 apud
472 4239 507 4281 se
529 4229 657 4281 teneant
674 4219 714 4292 id,
738 4219 828 4299 quod
852 4221 1073 4296 promiserunt,
1097 4220 1202 4279 necin
1218 4217 1367 4278 effectum
1384 4216 1457 4277 foris
1473 4214 1642 4277 deducunt.

194 4318 364 4384 Conritiari
386 4341 437 4382 τττε
460 4324 523 4390 tihi,
540 4326 565 4384 si
581 4323 686 4384 adhuc
710 4310 761 4383 nle
784 4342 882 4391 arnas,
906 4323 981 4383 mihi
1004 4342 1068 4383 non
1085 4322 1296 4383 succensebis.
1320 4320 1413 4381 Nosti
1429 4322 1524 4394 enirn,
1547 4338 1643 4399 quam

193 4444 287 4502 aegre
318 4428 453 4504 patiatur
482 4429 603 4488 anticus
627 4429 769 4488 iniun'ant
793 4429 834 4487 ab
858 4429 969 4488 amico.
992 4424 1047 4489 Sin
1072 4445 1180 4486 amare
1203 4425 1321 4486 desiisti
1345 4443 1406 4498 me,
1429 4443 1482 4484 me
1507 4423 1644 4485 Hercule

195 4528 290 4609 longe
306 4530 493 4610 ampliorem
518 4533 765 4612 increpationem
782 4534 920 4591 mereris.
945 4529 1010 4593 Sed
1027 4549 1157 4591 omnem
1182 4529 1262 4589 hanc
1278 4527 1529 4609 indignationem
1552 4548 1571 4588 a
1593 4545 1644 4587 me

195 4632 367 4693 vindicabis
389 4634 437 4695 rel
453 4638 524 4696 unis
547 4636 694 4703 litenrllis,
718 4638 834 4716 quibus
850 4635 892 4695 de
904 4634 1093 4696 condicione
1108 4650 1140 4696 et
1156 4632 1318 4695 voluntate
1341 4651 1394 4693 me
1408 4644 1464 4694 tua
1480 4633 1645 4693 certiorem

197 4736 317 4796 licens.
340 4736 410 4817 ligo
426 4740 488 4799 iam
513 4759 568 4818 per
583 4740 643 4802 Dei
659 4743 791 4821 gratiam
815 4759 889 4801 curn
913 4751 1032 4803 statum
1047 4740 1184 4819 adeptus
1207 4756 1287 4811 sum,
1310 4740 1342 4799 in
1356 4755 1423 4816 quo
1445 4754 1499 4798 me
1521 4753 1645 4815 sperem

197 4839 332 4901 salutent
348 4844 471 4903 animae
487 4844 559 4905 Deo
580 4845 777 4906 concedente
793 4849 945 4925 consequi
968 4865 1072 4925 posse.
1097 4844 1192 4904 Plane
1208 4845 1233 4905 si
1249 4840 1323 4903 nihil
1346 4839 1431 4903 aliud
1453 4859 1496 4901 ex
1512 4841 1646 4900 amicitia

198 4958 252 5005 tua
275 4960 465 5007 consecutus
480 4968 593 5013 essent.
616 4950 729 5010 saltem
754 4950 829 5012 illud
853 4954 983 5011 maximi
1007 4950 1096 5014 facio,
1120 4948 1209 5027 quod
1234 4950 1295 5008 tuis
1318 4944 1553 5007 hortationibus
1574 4963 1646 5025 pru·

198 5048 389 5109 deotissirnis
412 5054 442 5111 in
465 5054 620 5114 electione
642 5057 732 5125 ritae,
756 5073 854 5133 quam
877 5053 951 5113 mihi
980 5055 1217 5117 constitueram.
1239 5070 1313 5113 cum
1341 5067 1438 5127 saepe
1461 5048 1646 5115 vacillarcm.

197 5154 422 5215 corroborant<
447 5157 496 5216 t'ui.
535 5159 606 5220 l'teo
633 5160 862 5239 beniqmissimo
894 5160 933 5217 sit
956 5158 1025 5217 laus
1049 5156 1251 5218 immortalis!
1280 5154 1345 5218 Sed
1368 5152 1448 5223 ride,
1479 5164 1514 5215 ut
1537 5164 1569 5213 et
1591 5152 1647 5213 tibi

200 5255 282 5317 hene
305 5259 461 5320 cotisulas.
488 5260 564 5327 Scis,
595 5262 671 5341 quid
701 5262 782 5323 dico.
822 5261 891 5343 Ego
915 5281 999 5322 nunc
1031 5280 1132 5341 usque
1162 5261 1246 5322 adeo
1276 5258 1425 5339 processi,
1448 5268 1483 5317 ut
1502 5255 1546 5318 ad
1570 5256 1649 5318 festa
