3660 5850
870 397 964 461 1490.
1611 400 1646 454 29

189 605 304 686 Satyra
328 619 391 681 tua,
415 609 516 671 horno
539 630 652 690 parurn
676 612 869 694 ingeniosus,
901 614 1005 673 minus
1036 612 1186 685 enidituS,
1217 614 1451 675 amantissimus
1482 625 1588 675 tamen
1613 626 1644 677 et

190 713 491 775 observantissimus
514 718 567 788 tui,
591 718 695 788 sentit,
727 718 819 794 cuius
841 715 994 777 iudicium
1017 718 1048 777 in
1073 728 1196 794 partem
1221 719 1358 796 accipias
1386 718 1551 778 meliorem
1575 739 1644 798 pre·

189 835 308 877 carnut.
331 817 396 879 Dat
419 821 512 887 enim,
536 819 626 899 quod
649 819 755 894 habet,
779 831 810 882 et
826 819 967 881 dedisset
990 820 1136 899 amplius,
1159 823 1184 882 si
1208 841 1259 882 res
1281 822 1388 901 ampla
1411 821 1499 883 dorni
1523 824 1644 886 similis·

190 939 253 997 que
269 920 436 982 affectibus
460 933 552 983 esset.
577 921 713 1002 Reliqua
729 923 769 984 de
785 922 909 1001 Satyra,
934 943 1018 1002 quae
1034 925 1141 986 lumen
1165 924 1296 1003 aliquod
1320 925 1644 1007 explanationemque

190 1023 380 1098 desiderant,
412 1025 472 1086 alia
503 1028 640 1105 epistola
670 1027 902 1089 demonstrabit
933 1041 965 1090 ct
994 1042 1133 1108 quaeret.
1173 1028 1295 1089 Interea
1328 1029 1365 1090 T.
1391 1030 1431 1090 ll.
1463 1051 1515 1092 me
1539 1044 1643 1092 totum

190 1139 303 1204 utpote
319 1131 432 1190 maiori
455 1140 486 1190 et
502 1134 703 1210 praeceptori
720 1132 926 1192 commendo.
952 1132 1044 1204 Vale,
1068 1145 1099 1194 et
1116 1133 1317 1194 Victorinum
1335 1145 1434 1207 tunm,
1452 1148 1485 1195 ut
1502 1138 1645 1215 coepisti,

188 1250 271 1292 ama.
295 1231 394 1311 Quod
429 1233 594 1308 admones
618 1233 767 1314 Satyram
801 1237 942 1313 privatos
977 1238 1057 1297 inter
1087 1239 1225 1316 parietes
1259 1238 1422 1311 contineri,
1456 1256 1497 1298 ne
1524 1239 1645 1313 dubita,

190 1335 253 1407 fiet,
276 1350 311 1397 ut
334 1339 433 1398 iubes.
458 1337 540 1398 Vale
565 1339 699 1400 feliciter.
724 1338 821 1399 Domi
845 1358 936 1398 meae
960 1338 1073 1400 Mense
1093 1340 1251 1420 Januario.

278 1489 377 1541 »Domi
396 1506 491 1542 meae«
517 1507 572 1543 roz.
597 1489 671 1553 dum,
696 1491 774 1558 ktery'
797 1489 923 1543 Viktorin
952 1490 1044 1558 koupil
1063 1508 1085 1543 r.
1106 1490 1172 1542 1488
1191 1509 1207 1542 ν
1226 1492 1335 1545 Starem
1364 1496 1452 1546 mesti
1477 1494 1547 1561 proti
1576 1494 1643 1547 lutru

188 1594 228 1629 εν.
247 1577 373 1639 Hastam,
392 1575 401 1628 i
420 1577 514 1644 prodal
534 1584 629 1645 potom
648 1595 668 1630 r.
690 1577 756 1628 1493
773 1576 872 1646 Janovi
892 1575 1012 1645 zPibry.

891 1808 941 1870 24.

585 1910 817 2001 'Bohuslav
845 1929 973 2002 Petru
999 1927 1232 2002 Schottovi.

275 2079 517 2137 zaritorum
536 2110 568 2120 -
588 2080 623 2137 16.
643 2080 748 2139 lttditta.
781 2080 913 2150 Vypisuje
936 2083 1048 2150 zimery
1071 2082 1128 2144 sve,
1153 2082 1243 2149 pokud
1272 2100 1302 2135 se
1326 2083 1411 2150 tvkajl
1440 2092 1518 2153 cesty
1536 2085 1572 2137 do
1592 2086 1638 2153 vv-

187 2167 329 2219 chodnlch
346 2167 419 2220 zeml
437 2168 520 2236 prave
539 2168 724 2237 nastoupent;
743 2185 759 2221 a
777 2169 843 2236 prol}
862 2186 892 2221 se
911 2186 948 2221 na
966 2177 1045 2222 cestu
1063 2176 1093 2222 tu
1113 2169 1193 2236 vydal
1211 2168 1263 2222 bez
1276 2169 1401 2223 Schotta.
1421 2171 1531 2238 (Schott
1550 2171 1567 2224 f.
1581 2171 1639 2223 88b

188 2253 212 2305 a
231 2254 301 2307 Luc.
319 2252 354 2305 63
366 2255 399 2320 b).

275 2396 370 2458 Petro
392 2394 530 2459 Schotto
554 2418 577 2459 s.
594 2417 624 2477 p.
641 2398 670 2460 d.
693 2399 815 2462 Gratae
831 2400 907 2460 mihi
932 2400 1058 2461 suerunt
1074 2399 1183 2460 literae
1206 2410 1289 2472 tuae,
1312 2399 1370 2460 sed
1393 2403 1512 2482 gratius
1536 2404 1643 2463 castis-

186 2503 305 2563 simum
328 2503 433 2580 ipsum
456 2502 654 2576 sacrificium,
678 2504 767 2583 quod
791 2524 851 2585 pro
868 2522 920 2564 me
944 2506 1006 2564 iam
1023 2504 1153 2565 forsitan
1177 2503 1274 2565 offers
1305 2502 1408 2583 Spero
1426 2507 1510 2565 enim
1533 2505 1565 2566 id
1581 2525 1641 2585 pro

188 2604 261 2665 fidei
285 2616 360 2666 tuae
383 2608 520 2685 puritate
544 2619 576 2669 et
606 2610 709 2669 omnis
732 2610 764 2668 in
787 2618 819 2668 te
842 2609 1076 2670 sanctimoniae
1106 2626 1252 2669 summae
1283 2608 1326 2669 illi
1349 2611 1507 2671 maiestati
1530 2630 1642 2689 accer-

187 2712 345 2770 tissimum
368 2729 446 2770 esse.
485 2709 600 2790 Neque
623 2711 802 2772 dubitarem
826 2713 942 2794 gratias
964 2731 1067 2793 agere,
1102 2713 1160 2773 nisi
1184 2711 1216 2772 id
1239 2712 1426 2791 iampridem
1461 2733 1503 2773 ex
1532 2726 1641 2775 nostra

186 2814 420 2875 consuetudine
449 2817 640 2877 recessisset.
679 2815 771 2895 Quae
805 2816 846 2877 de
870 2815 1030 2877 Nazareth
1060 2827 1092 2878 et
1123 2814 1265 2877 Galilaea
1295 2818 1414 2889 scribis,
1443 2828 1535 2878 erunt
1565 2819 1641 2879 mihi

186 2938 291 2993 curae,
314 2919 340 2980 si
363 2919 464 2980 modo
487 2919 661 2981 commode
693 2919 761 2981 fieri
787 2923 913 3000 poterit.
952 2919 1070 2999 Neque
1093 2923 1177 2980 enim
1208 2938 1260 2980 me
1291 2931 1410 2981 temere
1441 2923 1471 2981 in
1501 2923 1641 3001 pericula

186 3025 344 3084 coniicere
374 3023 476 3085 velim.
499 3021 682 3086 Statuerarn
713 3025 843 3104 quidem
866 3022 966 3102 Syria,
989 3023 1117 3099 Arabia,
1140 3023 1358 3106 Aegyptoque
1382 3024 1520 3086 lustratis
1544 3025 1640 3087 Indos

187 3138 305 3207 petere,
329 3127 387 3188 sed
410 3127 633 3190 deterruerunt
657 3147 750 3189 mea
773 3130 943 3208 proposito
974 3128 1118 3189 nonnulli
1142 3130 1367 3210 negotiatores,
1400 3130 1454 3207 qui
1484 3131 1542 3189 iter
1565 3129 1641 3190 illud

185 3232 384 3293 nostratibus
417 3233 548 3292 minime
578 3234 721 3312 pervium
755 3235 852 3294 aiunt.
877 3230 1100 3310 Quamobrem
1134 3232 1221 3294 dabo
1251 3250 1393 3310 operam,
1429 3243 1464 3294 ut
1487 3252 1534 3306 ea,
1558 3253 1642 3312 quae

185 3335 285 3396 oculis
300 3334 407 3396 videre
424 3354 490 3397 non
505 3347 627 3415 potero,
641 3335 755 3398 saltem
772 3335 913 3418 diligenti
926 3337 1128 3416 inquisitione
1144 3355 1260 3419 magna
1277 3347 1421 3414 exparte
1435 3356 1640 3419 cognoscam.

186 3438 244 3502 Est
275 3451 383 3501 autem
407 3439 484 3501 mihi
506 3441 630 3502 animus
653 3443 686 3501 in
701 3439 803 3501 reditu
827 3460 936 3503 versus
951 3439 1211 3519 Septentrionem
1228 3440 1368 3502 Domino
1391 3442 1530 3520 propitio
1546 3440 1641 3501 decli-

186 3563 262 3605 nare
285 3555 316 3604 et
339 3544 430 3605 litora
446 3547 540 3606 maris
556 3543 677 3626 Aegaei
700 3545 882 3625 insulasque
898 3556 946 3607 tot
962 3546 1156 3606 carminibus
1172 3545 1348 3606 celebratas
1364 3547 1479 3621 visere;
1502 3545 1640 3625 denique

187 3650 290 3726 ipsam
314 3647 500 3725 Byzantion,
523 3649 599 3709 olim
623 3648 789 3712 Christiani
813 3667 898 3712 nunc
923 3649 1130 3711 Mahometici
1154 3650 1275 3729 imperii
1291 3649 1412 3722 sedem,
1436 3649 1531 3709 adire.
1555 3645 1640 3711 Cave

186 3765 293 3813 tamen
318 3753 396 3814 baec
419 3755 558 3832 cuipiam
582 3753 710 3826 dixeris,
741 3774 789 3828 ne,
813 3756 837 3816 si
861 3754 994 3833 quando
1025 3754 1154 3815 forsitan
1178 3754 1345 3815 consilium
1376 3765 1543 3828 mutarem,
1566 3753 1640 3815 ridi·

187 3856 277 3918 culus
300 3856 415 3917 videar.
454 3856 578 3918 Durum
609 3860 655 3919 ais
689 3859 745 3920 tibi
767 3858 873 3932 videri,
909 3857 1000 3937 quod
1034 3860 1100 3918 sine
1132 3868 1164 3917 te
1186 3857 1249 3918 hoc
1284 3858 1340 3918 iter
1364 3876 1537 3939 aggressus
1571 3858 1639 3918 sim.
1726 3854 1731 3862 '

187 3959 367 4035 Caeterum,
391 3962 433 4023 ita
458 3980 509 4022 me
532 3961 622 4024 Deus
646 3962 839 4024 incolumem
863 3961 904 4024 ad
928 3965 1063 4042 patriam
1086 3961 1225 4035 reducat,
1251 3974 1285 4023 ut
1308 3964 1388 4022 inter
1410 3982 1460 4022 res
1483 3961 1640 4024 humanas

186 4065 262 4127 nihil
286 4065 348 4127 hoe
372 4077 519 4144 tempore
543 4068 643 4148 magis
667 4078 823 4147 optarem,
847 4086 945 4146 quam
969 4077 1001 4127 te
1024 4067 1099 4127 mihi
1123 4067 1275 4127 comitem
1299 4067 1329 4125 in
1353 4065 1413 4127 hac
1430 4076 1496 4127 tam
1512 4067 1640 4127 salutari

185 4172 234 4231 via
258 4169 334 4242 dari,
359 4169 511 4250 voluique
533 4190 576 4231 ex
592 4173 692 4249 patria
716 4170 757 4231 ad
782 4182 814 4232 te
830 4191 867 4232 ea
891 4172 932 4233 de
955 4171 1152 4243 rescribere,
1176 4171 1206 4230 in
1224 4169 1271 4230 bis
1294 4168 1413 4230 scilicet
1436 4170 1540 4243 literis,
1559 4189 1640 4248 quas

186 4286 361 4354 postremo,
385 4286 419 4337 ut
436 4275 579 4350 arbitror,
595 4295 613 4335 a
630 4295 682 4337 me
698 4277 872 4354 suscepisti,
896 4275 953 4336 sed
970 4276 1045 4348 scio,
1069 4294 1152 4354 quae
1175 4275 1214 4335 sit
1229 4286 1358 4336 tuorum
1382 4292 1457 4354 erga
1480 4284 1512 4335 te
1528 4277 1638 4353 pietas

186 4391 217 4440 et
241 4400 340 4459 quam
365 4378 544 4440 defficulter
566 4382 748 4459 praesentia
765 4382 809 4441 tui
833 4393 969 4453 careant,
994 4389 1091 4458 atque
1114 4378 1157 4438 ob
1181 4377 1212 4437 id
1229 4397 1270 4439 ne
1292 4379 1490 4438 mentionem
1507 4377 1638 4457 quidem

186 4485 279 4547 huius
302 4486 345 4544 rei
378 4484 482 4546 lacere
513 4502 610 4546 ausus
633 4504 713 4545 sum.
752 4484 899 4546 Verebar
928 4486 1023 4555 enim,
1054 4502 1094 4544 ne
1117 4502 1175 4544 eos
1203 4481 1375 4557 offendam,
1403 4502 1486 4561 quos
1510 4485 1639 4543 minime

186 4591 332 4651 omnium
355 4588 522 4650 offendere
545 4588 669 4652 vellem.
696 4590 869 4669 Utcunque
891 4599 999 4649 autem
1024 4607 1059 4647 se
1083 4587 1162 4648 haec
1186 4587 1314 4661 habent,
1338 4605 1400 4669 ego
1424 4599 1505 4661 tuus,

395 4710 482 4771 Dum
507 4729 635 4770 memor
657 4711 725 4790 ipse
750 4711 820 4781 mei,
845 4708 923 4769 dum
947 4712 1074 4788 spiritus
1097 4709 1158 4769 lios
1181 4716 1271 4789 reget
1293 4718 1388 4780 artus,

186 4853 249 4894 er0.
275 4831 365 4907 Vale,
390 4834 432 4893 mi
455 4834 569 4905 anime,
601 4842 632 4891 et
657 4830 750 4892 crede
775 4830 847 4891 mihi
872 4850 924 4891 me
952 4831 1031 4891 haec
1054 4842 1218 4909 postrema
1246 4827 1288 4889 ad
1312 4839 1342 4888 te
1370 4848 1434 4890 non
1459 4831 1525 4890 sine
1549 4848 1639 4908 prae-

185 4940 275 5018 sagio
285 4933 313 5018 *)
337 4938 511 5016 scripsisse.
535 4935 654 4996 Totam
672 4935 806 4996 domum
830 4947 918 4995 tuam
935 4934 1055 4996 salvere
1079 4935 1160 5009 iube,
1183 4943 1214 4992 et
1230 4935 1401 5012 praecipue
1423 4933 1638 4992 venerabilem

184 5053 310 5121 patrem
345 5061 453 5102 meum
477 5041 707 5119 Keysersbcrg.
747 5039 797 5099 Ex
823 5039 967 5100 Venetiis
998 5057 1083 5099 anno
1107 5058 1125 5097 a
1149 5038 1311 5097 nativitate
1342 5035 1515 5097 Salvatoris
1543 5038 1638 5099 tttttt:

186 5146 237 5206 die
264 5147 312 5208 lii.
336 5144 419 5206 Maii.

274 5318 301 5384 ²³²)
320 5316 403 5369 Slovo
422 5323 450 5369 to
470 5316 564 5368 schitzi
583 5332 617 5367 ve
637 5314 738 5382 vydani
758 5315 801 5367 del
821 5314 1021 5382 Schottovy‘ch,
1041 5312 1093 5364 lde
1112 5328 1148 5363 na
1166 5310 1239 5364 terni
1259 5311 1340 5363 miste
1357 5310 1413 5379 jest
1431 5328 1548 5365 mezera.
