3660 5850
898 616 947 679 68.

620 753 841 827 Bohuslav
863 754 972 848 Janu
1001 732 1228 828 Slechtovi.

286 923 381 991 (1⁴⁹9)
400 954 432 960 -
452 924 497 979 31).
517 922 657 981 bonotto.
677 924 783 992 Dtlruje
802 943 835 978 za
853 927 953 994 zprtvy
973 944 990 978 o
1009 927 1114 979 vecech
1133 927 1290 994 uherslry'ch
1311 926 1376 979 sobe
1397 927 1514 993 podane.
1539 926 1648 993 Vytp'lui

197 1008 265 1062 krali
284 1010 417 1078 pillisnou
442 1010 558 1064 mirnost
584 1011 691 1080 naproti
716 1011 870 1081 bouilivym
895 1013 1062 1081 poddany'm,
1081 1031 1097 1066 a
1117 1030 1150 1065 co
1170 1030 1186 1064 v
1205 1001 1335 1066 dechtch
1354 1030 1370 1065 o
1390 1011 1552 1079 nastavajr'ci
1571 1012 1649 1064 valce

185 1084 310 1149 'turecke
330 1096 463 1165 smy'sleji.
490 1081 565 1150 Zadt
590 1114 623 1150 za
647 1100 797 1151 navraceni
822 1100 977 1153 latinslreho
1002 1101 1140 1168 rukopisu,
1160 1101 1237 1168 lrterv
1255 1099 1301 1168 byl
1320 1099 1463 1152 kralovslre
1482 1097 1649 1151 bibliothece

195 1184 337 1237 Budlnske
350 1183 477 1252 zapfijcil,
490 1201 552 1237 aza
565 1185 649 1253 lmihy
669 1185 766 1248 vhbec,
782 1185 827 1253 jet
845 1186 917 1240 bude
936 1186 1009 1240 moci
1025 1172 1139 1240 Slechta
1158 1188 1226 1255 proh
1245 1186 1364 1239 sehnati.
1383 1186 1426 1238 Na
1442 1185 1524 1238 lronci
1537 1184 1648 1238 zmlnka

194 1288 211 1323 o
230 1271 323 1340 vpadu
341 1271 484 1324 tureckem
503 1269 536 1324 ai
555 1272 571 1324 k
590 1273 699 1341 samym
718 1273 879 1327 Benrttkam.
898 1274 988 1341 (Nova
1007 1273 1087 1343 epist.
1106 1291 1167 1342 app.
1188 1275 1259 1340 lob.)

276 1447 393 1529 Joanni
416 1445 579 1511 Sslechtae
602 1467 626 1510 s.
651 1449 681 1510 d.
704 1449 828 1511 Literas
851 1461 922 1512 tuas
945 1451 1133 1530 iampridem
1150 1470 1270 1532 magno
1285 1450 1445 1512 desiderio
1462 1459 1648 1528 expectatas

193 1551 326 1613 tandem
350 1554 467 1631 accepi,
490 1551 685 1634 mirificeque
708 1553 756 1614 his
778 1553 953 1617 delectatus
976 1574 1056 1616 sum.
1080 1553 1296 1617 Continebant
1318 1573 1435 1634 nempe
1450 1553 1602 1633 pleraque
1617 1563 1648 1614 et

176 1656 333 1727 ,iucunda
355 1667 387 1717 et
409 1669 591 1719 memoratu
614 1657 719 1739 digna,
742 1677 890 1738 quaeque
913 1662 991 1721 scire
1015 1678 1132 1739 operae
1156 1661 1298 1738 precium
1321 1668 1410 1720 esset
1443 1656 1516 1719 Feci
1539 1669 1648 1720 autem

193 1760 287 1823 huius
309 1760 481 1839 voluptatis
504 1780 596 1822 meae
613 1761 730 1823 multos
750 1765 926 1843 participes,
950 1767 1013 1844 qui,
1036 1763 1123 1826 velut
1142 1765 1266 1845 ingenio
1282 1782 1342 1825 suo
1358 1764 1465 1824 omnia
1481 1763 1650 1841 accipiunt,

193 1867 236 1925 ita
259 1866 345 1926 varie
368 1865 473 1928 affecti
496 1875 579 1927 sunt.
618 1862 759 1944 Cupiunt
789 1867 920 1947 quidem
950 1888 1063 1930 omnes
1085 1887 1195 1950 regem
1218 1879 1251 1930 et
1272 1865 1506 1946 rempublicam
1529 1864 1650 1927 salvam

193 1988 280 2032 esse:
305 1969 364 2031 sed
388 1981 496 2032 tamen
519 1970 602 2032 hanc
625 1971 903 2033 mansuetudinem
927 1972 1012 2034 nulla
1036 1992 1170 2052 prorsus
1193 1974 1360 2036 severitate
1382 1981 1597 2050 temperatam
1620 1971 1652 2031 in

193 2074 319 2152 populo
343 2083 409 2135 tarn
432 2075 528 2136 feroci
550 2085 649 2155 atque
671 2074 829 2137 indomito
852 2095 966 2154 parum
989 2077 1136 2157 probant,
1168 2087 1201 2138 et
1224 2075 1299 2137 nihil
1322 2074 1407 2137 aliud
1432 2094 1530 2156 quarn
1552 2076 1649 2136 nutri·

192 2188 339 2240 mentum
362 2177 529 2258 quoddam
556 2180 719 2258 popularis
750 2181 937 2242 insolentiae
965 2191 1063 2261 atque
1085 2182 1272 2243 temeritatis
1294 2198 1365 2241 esse
1388 2181 1484 2241 aiunt.
1522 2177 1648 2258 Quodsi

192 2281 349 2344 Bohemia
371 2285 468 2344 etiam
491 2283 731 2376 Pannoniorum
753 2286 902 2365 exempla
925 2296 1033 2346 secuta
1064 2285 1248 2347 tumultuari
1278 2286 1427 2363 coeperit,
1456 2285 1511 2344 vix
1533 2293 1647 2361 putant

193 2386 325 2460 futuros,
345 2405 484 2466 quorum
500 2405 564 2465 ope
579 2387 766 2469 dignitatem
782 2388 973 2467 reipublicae
991 2388 1165 2451 commode
1181 2391 1261 2450 tueri
1276 2389 1446 2467 possimus.
1470 2387 1520 2449 De
1534 2385 1649 2449 Turcis

192 2510 325 2572 quoque
340 2490 463 2552 diversa
478 2491 678 2574 sanciunt:*)
701 2491 732 2553 hi
749 2495 842 2566 enirn,
866 2511 950 2572 quae
973 2494 1091 2568 scribis,
1114 2496 1147 2555 in
1162 2504 1275 2572 pectus
1289 2491 1462 2553 admittunt
1477 2501 1509 2552 et
1524 2502 1648 2570 pestem

192 2605 324 2669 tantam,
348 2606 523 2676 antequam
538 2598 570 2658 in
585 2598 704 2658 viscera
720 2608 830 2659 nostra
845 2597 938 2659 altius
953 2609 1069 2678 serpat,
1092 2600 1168 2660 totis
1182 2597 1300 2658 viribus
1315 2595 1488 2657 arcendam
1504 2606 1649 2670 censent;

192 2699 243 2760 alii
265 2711 374 2762 autem
397 2699 597 2779 praeludium
618 2701 651 2762 id
674 2720 745 2762 esse
768 2700 933 2762 cuiusdam
957 2701 1141 2783 tragoediae
1161 2700 1360 2774 arbitrantur,
1383 2718 1467 2781 quae
1483 2718 1591 2761 rursus
1606 2698 1648 2760 ad

192 2822 307 2865 aurum
330 2825 350 2865 a
372 2804 618 2885 provincialibus
640 2804 833 2867 eliciendum
856 2804 991 2887 fingitur.
1015 2804 1101 2884 Quid
1125 2804 1237 2884 plura?
1267 2804 1357 2884 Quot
1379 2804 1483 2884 capita
1506 2813 1556 2865 tot
1578 2822 1649 2864 sen·

192 2910 321 2982 tentiae,
345 2919 380 2971 ut
402 2908 563 2970 interdurn
585 2911 638 2970 vix
660 2908 865 2971 Democritus
895 2909 937 2971 ad
967 2909 1138 2972 ridendum
1169 2908 1335 2971 sulficeret.
1373 2906 1471 2986 Quod
1501 2907 1651 2970 valetudo

193 3031 266 3074 mea
298 3013 355 3073 tibi
384 3032 480 3074 curae
510 3024 566 3088 est,
596 3013 714 3089 laetor;
742 3013 818 3075 facis
848 3015 932 3074 enim
964 3033 1009 3088 ea,
1039 3034 1123 3095 quae
1150 3014 1212 3075 tuis
1234 3015 1428 3075 conveniunt
1452 3013 1597 3073 moribus
1619 3020 1651 3073 et

191 3129 303 3179 nostra
325 3119 462 3179 amicitia
485 3116 580 3200 digna
604 3128 686 3179 sunt.
708 3117 779 3200 Ego
802 3138 878 3180 vero
902 3117 993 3180 valeo
1017 3128 1049 3179 et
1065 3119 1179 3191 literis,
1192 3128 1349 3197 quantum
1365 3136 1423 3196 per
1437 3135 1504 3177 rem
1521 3115 1650 3178 familia·

191 3239 262 3282 rem
292 3219 373 3295 licet,
406 3221 572 3295 incumb0;
609 3221 738 3300 publica
767 3223 852 3282 enim
882 3222 935 3282 vix
969 3224 1107 3303 atting0;
1142 3220 1173 3282 id
1207 3241 1305 3302 quam
1336 3231 1421 3282 recte
1449 3241 1469 3282 a
1498 3239 1551 3281 me
1586 3219 1649 3294 fiat,

192 3325 320 3386 nescio:
344 3343 480 3408 magnos
502 3335 613 3387 tamen
635 3326 768 3387 instituti
791 3327 854 3386 mei
877 3325 1028 3388 authores
1045 3326 1159 3400 habeo,
1183 3327 1237 3406 qui
1253 3324 1295 3386 ad
1311 3324 1543 3404 rempublicam
1559 3323 1651 3385 malis

191 3428 480 3492 consuetudinibus
504 3429 710 3508 depravatam
735 3430 883 3508 prudenti
907 3432 1038 3492 minime
1060 3429 1280 3493 accedendum
1302 3431 1497 3492 existimant.
1524 3427 1649 3508 Quodsi

191 3535 273 3594 item
295 3535 404 3593 omnia
427 3544 481 3594 tua
504 3534 664 3596 fortunata
681 3545 763 3607 sunt,
786 3553 984 3616 magnopere
1000 3534 1134 3616 gaudeo.
1158 3533 1299 3597 Meretur
1314 3536 1398 3595 enim
1415 3532 1447 3594 id
1463 3552 1528 3594 non
1544 3532 1649 3595 solum

191 3639 294 3699 virtus
322 3648 377 3700 tua
407 3650 439 3700 et
468 3639 566 3700 totius
595 3640 677 3700 vitae
707 3640 868 3720 integritas
898 3637 956 3699 sed
987 3638 1168 3700 humanitas
1198 3658 1329 3719 quoque
1360 3648 1392 3699 et
1422 3636 1651 3711 benevolentia,

191 3761 261 3822 qua
277 3760 337 3816 me,
361 3740 439 3802 dum
462 3741 574 3804 Budae
597 3761 711 3816 essem,
733 3743 902 3821 excepisti:
927 3744 978 3804 cui
1001 3760 1062 3824 ego
1086 3743 1240 3822 quoniam
1264 3741 1348 3804 nulla
1371 3761 1414 3803 ex
1436 3752 1526 3822 parte
1548 3740 1650 3802 resero

190 3848 338 3929 gratiam,
368 3846 572 3908 vehementer
602 3865 712 3928 angor.
750 3843 919 3909 Caeterum
952 3857 1042 3909 tuum
1074 3857 1122 3908 est
1144 3849 1246 3908 metiri
1270 3865 1322 3908 me
1344 3847 1462 3908 aflectu
1484 3856 1516 3907 et
1538 3845 1652 3906 imitari

190 3949 370 4024 Socratem,
402 3951 457 4030 qui
480 3947 648 4012 Aeschinis
671 3951 813 4012 animum
837 3952 935 4030 pluris
958 3971 1057 4032 quam
1081 3930 1217 4013 aliorum
1241 3970 1372 4012 munera
1394 3950 1603 4011 existimavit:
1626 3950 1652 4010 si

191 4053 274 4136 quid
303 4066 413 4116 tamen
442 4055 473 4115 in
503 4055 598 4116 nobis
627 4074 730 4130 curae,
757 4054 875 4117 laboris
906 4055 1145 4137 industriaeque
1175 4067 1231 4131 est,
1262 4075 1300 4118 ea
1331 4057 1439 4117 omnia
1468 4055 1525 4128 tibi
1551 4072 1650 4133 quarn

191 4158 405 4222 fidentissime
427 4159 568 4240 polliceri
591 4170 692 4238 potes.
715 4160 798 4222 Rem
820 4159 987 4222 literariam
1004 4173 1038 4223 ut
1060 4181 1161 4237 cures,
1185 4161 1339 4222 maiorem
1356 4161 1386 4220 in
1401 4157 1538 4220 modurn
1553 4176 1650 4239 rogo:

189 4267 226 4326 in
252 4262 314 4325 hoc
337 4265 422 4324 enirn
445 4263 629 4326 diverticulo
652 4265 793 4342 inprimis
816 4283 907 4326 mens
929 4284 1003 4326 mea
1025 4267 1229 4346 conquiescit,
1253 4276 1284 4327 et
1300 4265 1385 4325 libris
1400 4280 1499 4344 quarn
1514 4263 1650 4345 gemmis

190 4366 361 4430 abundare
383 4386 448 4429 non
473 4379 598 4429 tantum
621 4367 727 4430 utilius
753 4367 811 4429 sed
842 4369 938 4430 etiarn
967 4369 1135 4430 honestius
1165 4370 1315 4442 arbitror;
1346 4385 1453 4447 neque
1482 4365 1564 4428 ullas
1594 4367 1650 4427 im-

190 4490 314 4552 pensas
336 4474 559 4553 pertimescere
582 4473 684 4546 velim,
707 4472 809 4535 sicubi
832 4471 909 4552 quid
931 4474 1044 4534 saltem
1068 4474 1184 4535 nostris
1207 4472 1319 4535 studiis
1343 4471 1476 4554 dignum
1499 4489 1570 4532 sese
1593 4470 1651 4531 ob·

189 4575 309 4639 tulerit.
331 4575 432 4660 Regia
448 4577 641 4639 bibliotheca
657 4576 732 4638 mihi
748 4576 882 4638 latinum
899 4576 1045 4638 codicem
1062 4577 1175 4638 debet:
1200 4576 1282 4637 hanc
1298 4595 1429 4655 quoque
1444 4575 1652 4655 provinciam,

189 4679 329 4762 quando
350 4683 414 4742 iam
436 4681 535 4742 semel
558 4681 697 4743 frontem
718 4680 871 4759 perfricui,
890 4681 948 4741 tibi
970 4682 1148 4742 committo.
1172 4678 1297 4759 Quodsi
1320 4698 1468 4762 graecum
1486 4681 1652 4759 quippiam

186 4787 257 4846 situ
281 4784 475 4864 pulvereque
497 4785 641 4848 fortassis
663 4785 727 4847 hoc
750 4796 896 4864 ternpore
919 4783 1082 4865 squallens
1105 4787 1136 4845 in
1159 4803 1253 4846 usum
1277 4793 1423 4844 nostrum
1445 4786 1512 4844 erui
1526 4786 1653 4864 poterit,

187 4902 225 4952 et
256 4888 400 4949 ’sublimi
423 4889 533 4951 leriam
556 4888 660 4950 sidera
683 4891 825 4963 vertice«
851 4898 883 4950 et
907 4907 959 4949 me
982 4907 1025 4949 ex
1048 4887 1147 4949 culice
1163 4885 1367 4967 elephantem
1384 4886 1502 4948 tactum
1517 4888 1651 4967 putabo.

186 4991 288 5066 Vale,
318 4994 440 5071 optime
469 4995 513 5054 mi
535 4991 687 5065 Sslechta,
717 5003 749 5053 et
773 4995 900 5074 quoties
923 4993 1153 5072 occupationes
1176 5002 1250 5052 tuae
1273 4992 1441 5068 patientur,
1467 4989 1509 5050 ad
1532 5010 1585 5051 me
1608 4990 1650 5051 de

185 5096 294 5159 rebus
316 5095 504 5158 Pannonicis
527 5096 637 5157 scribe.
668 5094 892 5180 Augustinum‚
924 5095 1107 5180 Georgium,
1139 5094 1308 5158 Nicolaum
1336 5107 1366 5158 et
1390 5104 1491 5158 totam
1514 5094 1648 5159 domum

284 5284 311 5351 *)
330 5284 404 5338 Snad
423 5282 556 5338 sentiunt.
