3660 5850
871 375 963 437 1482
1626 376 1641 429 l

192 607 423 672 cognoveram:
446 590 606 652 redientnt
629 591 748 651 etenim
771 589 920 669 reliquae.
943 588 987 653 Ut
1010 590 1117 651 valeas
1140 590 1269 669 etquid
1294 608 1398 651 rerum
1422 610 1506 672 agas,
1529 594 1645 654 certior

192 695 260 756 fieri
283 694 560 756 vehementissime
582 694 738 756 desidero.
777 693 847 775 Ego
871 694 967 768 domi,
991 707 1147 774 quantum
1171 694 1237 756 fieri
1260 705 1375 774 potest,
1400 713 1452 755 me
1474 695 1642 769 contineo;

193 801 320 881 negotia
344 798 480 860 forensia
502 800 630 879 penitus
659 799 784 860 declino
814 809 846 860 et
869 817 1000 877 prorsus
1022 798 1191 872 abhorreo,
1222 800 1363 879 quietem
1390 800 1485 860 animi
1507 799 1644 880 amplius

192 922 292 983 quam
322 902 476 964 solicitam
511 905 773 964 exercitationem
802 902 980 965 meditatus.
1018 902 1159 966 Tametsi
1189 922 1254 965 non
1285 903 1389 966 desint
1420 906 1529 966 nescio
1559 923 1643 984 quae

192 1005 388 1068 domesticae
416 1025 518 1080 curae,
546 1025 627 1086 quas
650 1006 782 1070 absente
805 1017 894 1085 patre
923 1007 1025 1068 libens
1054 1009 1192 1087 suscipio
1221 1007 1281 1069 hac
1309 1009 1509 1087 potissimum
1538 1025 1642 1080 causa,

191 1124 227 1174 ut
249 1131 289 1173 ea
310 1130 344 1172 re
367 1112 409 1172 ab
431 1111 555 1193 ignavia
578 1131 629 1172 me
652 1113 810 1174 vindicare
833 1112 963 1191 possim.
997 1109 1031 1175 Si
1054 1131 1138 1193 quae
1160 1131 1203 1172 ex
1226 1110 1274 1172 his
1298 1111 1383 1172 libris
1406 1113 1549 1191 impressi
1572 1113 1643 1186 sint,

192 1217 309 1296 quibus
332 1234 384 1276 me
405 1214 556 1278 delectari
579 1229 680 1294 putas,
709 1216 758 1278 fac
781 1216 894 1280 saltem
923 1218 984 1278 sim
1013 1218 1135 1289 certior,
1162 1226 1260 1295 atque
1285 1215 1368 1276 adeo
1397 1214 1547 1295 quicquid
1571 1235 1642 1278 mea

191 1320 345 1381 interesse
367 1320 533 1399 putaveris
554 1320 601 1381 lac
625 1320 700 1382 mihi
723 1320 887 1402 significes.
911 1319 1010 1400 Quod
1037 1318 1249 1381 confidentius
1277 1319 1318 1380 ad
1342 1332 1373 1381 te
1396 1321 1510 1394 scribo,
1531 1320 1642 1382 huma·

193 1423 275 1486 nitas
298 1435 330 1486 et
352 1423 576 1486 benevolentia
597 1443 727 1487 causam
751 1423 917 1498 dederunt,
948 1444 1031 1505 quae
1055 1444 1107 1485 me
1130 1425 1184 1486 tibi
1208 1436 1296 1486 tanta
1320 1424 1552 1486 necessitudine
1575 1427 1642 1486 iun-

191 1538 317 1603 xerunt,
339 1539 374 1590 ut
397 1546 463 1589 non
487 1527 594 1589 videar
615 1529 770 1607 ampliore
793 1530 849 1590 tibi
872 1548 968 1608 posse
991 1529 1121 1590 devinci.
1146 1528 1236 1590 Vale.

279 1714 341 1767 List
359 1722 438 1768 tento
456 1714 544 1767 ntteit
563 1713 660 1782 zajiste
679 1714 750 1768 mezi
775 1715 902 1784 pledesly'
920 1732 937 1768 a
956 1715 1119 1783 nastedujtct
1145 1716 1331 1769 Bohuslavdv.
1363 1717 1447 1769 Nenlt
1466 1735 1483 1768 v
1496 1720 1560 1770 nem
1580 1717 1641 1770 vice

193 1799 280 1852 iatine
299 1801 411 1869 zmlnky
430 1818 446 1852 o
465 1802 623 1870 dotdenych
648 1803 749 1855 svrchu
769 1803 917 1856 timluvach
942 1802 1016 1856 obou
1040 1804 1140 1872 pihteh
1167 1802 1219 1856 coi
1242 1803 1366 1872 zpllsobil
1392 1805 1461 1857 snad
1486 1804 1532 1857 list
1557 1804 1645 1857 kneze

192 1887 355 1950 Ladislava;
374 1886 382 1938 i
402 1888 531 1941 nenarltii
550 1907 580 1942 se
599 1907 636 1942 na
654 1888 816 1957 nasledujlci
835 1888 881 1942 list
894 1889 1080 1952 Bohuslavllv,
1094 1890 1182 1942 urdite
1195 1890 1343 1958 datovany'.
1364 1892 1436 1943 Psdn
1450 1891 1496 1959 byl
1510 1890 1555 1944 list
1565 1899 1644 1944 tento

191 1972 268 2027 tudli
285 1973 406 2044 nejsplie
424 1974 496 2043 zahy
514 1992 535 2028 r.
555 1975 630 2031 1482.

900 2277 929 2340 5.

677 2415 896 2489 Bohuslav
924 2414 1155 2488 Schottovi.

276 2604 306 2671 (Ζ
320 2604 443 2676 ferrari)
462 2605 527 2662 tt⁸2
546 2636 578 2644 -
596 2606 633 2662 20
660 2603 765 2663 ludina.
795 2605 903 2673 ZprAvu
929 2605 999 2657 dlva
1028 2622 1044 2657 ο
1069 2605 1268 2674 neplljemnem
1295 2612 1375 2656 stavu
1399 2603 1486 2666 svem,
1511 2620 1528 2654 a
1546 2603 1641 2656 literali

189 2692 301 2759 pomoci
318 2692 433 2760 rodidlry
451 2691 519 2745 Bott
538 2691 743 2761 znebezpedne
763 2692 873 2745 nemoci
886 2692 1030 2761 vyvfiznul.
1049 2690 1207 2759 Osvedduje
1227 2708 1273 2744 mu
1292 2691 1340 2744 sve
1359 2689 1501 2759 platelstvl
1514 2706 1531 2743 a
1543 2689 1641 2756 slibuje

189 2777 293 2832 brzkou
313 2780 457 2832 ntvstevu.
476 2779 559 2843 (Luc.
577 2777 619 2842 50,
639 2779 738 2832 Schott
757 2778 775 2832 l.
793 2778 828 2831 20
839 2784 862 2841 b,
880 2777 1032 2848 Vinaticky
1050 2778 1085 2847 3).

276 2969 459 3035 Clarissimo
480 2972 506 3054 J.
530 2971 570 3035 U.
596 2972 718 3034 doctori
742 2972 875 3034 domino
898 2973 993 3034 Petro
1015 2972 1151 3035 Schotto
1175 2971 1409 3053 Argentinensi,
1433 2974 1536 3032 amico
1567 2973 1641 3033 cha·

187 3078 312 3137 rissimo
335 3096 357 3137 s.
384 3096 415 3155 p.
438 3076 467 3137 d.
504 3074 665 3155 Cuperem
687 3075 729 3137 ad
752 3089 783 3138 te
806 3076 868 3138 late
892 3079 1036 3150 scribere,
1068 3077 1126 3139 sed
1157 3088 1205 3139 tot
1236 3075 1390 3137 molestiis
1412 3077 1642 3157 circumseptus

189 3197 270 3254 sum,
292 3191 327 3242 ut
350 3179 426 3241 nihil
450 3200 581 3260 prorsus
604 3199 699 3262 agere
721 3182 851 3260 possim.
875 3179 951 3241 Non
975 3183 1052 3242 satis
1074 3193 1122 3242 est
1146 3182 1231 3241 enim
1254 3178 1400 3241 Venetos
1423 3180 1533 3242 hostes
1549 3182 1642 3242 nobis

188 3285 361 3360 imminere,
384 3285 441 3347 sed
465 3287 561 3347 etiam
585 3285 761 3364 pestilentia
784 3286 899 3346 urbem
922 3285 1109 3364 populatur:
1137 3304 1220 3365 quae
1244 3296 1351 3346 tamen
1375 3287 1484 3346 omnia
1505 3287 1643 3366 gratiora

188 3388 265 3449 mihi
288 3400 370 3461 sunt,
393 3407 491 3468 quam
515 3391 637 3467 patriae
660 3387 871 3450 calamitatem
895 3390 1016 3449 intueri.
1040 3387 1163 3450 Literas
1186 3389 1284 3450 trinas
1299 3408 1318 3449 a
1334 3399 1367 3450 te
1389 3389 1503 3468 recepi,
1526 3390 1643 3469 quibus

187 3511 229 3553 an
253 3493 356 3553 vivam
380 3493 506 3581 edoceri
530 3494 635 3572 cupis:
659 3495 743 3555 habe
766 3494 861 3554 breve
885 3512 1083 3573 responsum.

399 3648 492 3721 Vivo,
515 3648 587 3711 licet
611 3659 738 3709 nostrae
763 3649 868 3709 forsan
891 3648 1089 3709 Rhamnusia
1112 3651 1194 3709 vitae

396 3752 554 3814 Invideat:
578 3752 635 3814 sed
659 3752 732 3814 diva
754 3772 878 3832 parens,
902 3772 985 3832 quae
1009 3752 1121 3831 pandit
1144 3751 1331 3830 Olympum,

397 3855 473 3918 Non
497 3859 569 3919 sinit
592 3856 674 3918 hanc
697 3859 846 3931 animam,
870 3857 975 3918 donec
998 3858 1170 3917 commissa
1192 3857 1298 3936 priora

394 3958 555 4041 Eluerit*)
579 3961 757 4039 lachrymis,
782 3973 943 4023 terrenum
966 3961 1109 4041 linquere
1131 3979 1256 4039 corpus.

395 4063 469 4125 Non
493 4065 652 4140 Lachesis,
676 4085 742 4127 non
765 4064 883 4129 Clotho
907 4065 991 4140 mihi,
1014 4083 1080 4127 non
1103 4063 1248 4142 Atropos
1272 4062 1343 4134 ulla,

395 4167 459 4231 Sed
482 4172 619 4251 genitrix
642 4170 751 4233 aderat
774 4190 900 4232 summe
923 4168 1105 4230 veneranda
1127 4165 1294 4240 Tonantis,

394 4270 454 4335 Cui
478 4292 574 4347 mare,
597 4275 646 4336 cui
670 4275 771 4348 tellus,
794 4276 844 4336 cui
867 4274 947 4335 coeli
969 4272 1072 4333 sidera
1096 4281 1216 4350 parent.

396 4375 485 4438 Haec
509 4377 577 4439 tulit
599 4379 752 4441 auxilium
777 4380 902 4452 miser0,
925 4375 1120 4457 Stygiaeque
1144 4374 1251 4454 paludi

393 4479 516 4560 Eripuit
539 4480 677 4544 calidum
700 4501 801 4564 prope
820 4482 886 4562 jam
911 4479 1142 4563 Phlegethonta
1165 4479 1336 4540 videntem.

183 4635 272 4716 Quid
295 4636 380 4698 aliud
402 4638 541 4700 scribam
564 4640 679 4713 nescio,
708 4641 828 4719 quippe
852 4639 906 4717 qui
929 4637 1052 4708 dubit0,
1075 4655 1116 4697 an
1139 4635 1200 4696 hae
1223 4636 1330 4697 literae
1363 4653 1508 4710 unquam
1540 4634 1582 4695 ad
1606 4643 1638 4693 te

184 4743 368 4819 pervenient
391 4737 470 4824 (sic),
500 4742 584 4804 adeo
607 4744 638 4804 in
661 4744 816 4803 incertum
840 4760 895 4802 eas
918 4739 1098 4800 Bononiam
1122 4741 1200 4801 misi.
1238 4738 1289 4800 Ex
1312 4759 1351 4800 eo
1375 4741 1459 4798 enim
1483 4751 1637 4817 tempore,

185 4863 252 4924 quo
275 4845 389 4907 Daniel
420 4847 556 4921 recessit,
586 4845 708 4907 nullum
739 4865 869 4925 prorsus
899 4856 1011 4905 nactus
1041 4862 1121 4916 sum,
1152 4846 1206 4923 qui
1229 4844 1270 4904 ad
1301 4856 1333 4905 te
1356 4843 1511 4924 proficisci
1535 4841 1636 4903 vellet.

185 4949 298 5027 ltaque
320 4951 346 5011 si
368 4969 420 5012 me
444 4951 560 5012 idcirco
584 4953 627 5012 tui
651 4953 871 5011 immemorem
902 4962 1004 5027 putas,
1036 4947 1125 5027 quod
1154 4967 1225 5009 raro
1249 4968 1267 5008 a
1291 4967 1342 5007 me
1366 4947 1473 5008 literas
1496 4946 1636 5023 suscipis,

185 5054 313 5132 iniquus
336 5073 371 5114 es
394 5051 447 5136 (nc
471 5055 575 5115 dicam
598 5052 709 5136 peius),
734 5056 787 5133 qui
811 5072 862 5114 ine
885 5053 1027 5113 inaudito
1050 5054 1239 5114 sententiam
1263 5051 1304 5113 de
1328 5071 1401 5112 meo
1425 5052 1456 5111 in
1478 5062 1510 5113 te
1531 5051 1637 5111 animo

275 5293 301 5360 *j
321 5290 434 5347 Schott:
452 5292 573 5348 Elueret.
