3660 5850
791 401 881 467 1497.
1527 400 1558 458 tt

115 620 210 686 ficum
241 624 412 686 autoritate
442 642 540 702 quam
568 625 796 702 imperatorum
826 642 890 701 ope
919 621 1043 683 deletae
1066 633 1147 682 sunt.
1184 619 1235 684 Sic
1266 617 1398 682 Carolus
1430 640 1563 702 magnus

114 746 244 789 omnem
260 727 324 788 fere
339 727 554 800 Germaniam,
570 745 654 807 quae
670 724 811 802 Oceano,
837 725 909 787 Albi
925 725 1141 805 Danubioque
1157 725 1320 799 clauditur,
1341 723 1414 785 fidei
1436 738 1564 786 nostrae

113 830 266 906 adiunxit,
289 833 335 893 sic
358 842 448 909 pater
476 850 620 911 avusque
651 842 725 892 tuus
748 850 806 891 eos
835 828 1008 903 Sarmatas
1039 848 1123 909 quos
1155 849 1239 891 nunc
1262 828 1418 891 Lituanos
1440 842 1564 901 vocant,

114 935 205 997 idolis
228 947 260 996 et
283 934 368 995 mille
389 936 667 1013 superstitionibus
690 933 826 1007 deditos
849 933 890 994 ad
914 930 1074 995 Christum
1097 935 1265 995 convertit:
1292 936 1335 994 sic
1358 952 1460 1013 nuper
1491 934 1566 995 Fer-

115 1038 273 1100 dinandus
295 1037 500 1120 Arragonius‚
531 1040 585 1118 qui
609 1038 697 1099 solus
720 1056 831 1119 regum
863 1050 967 1099 tecum
991 1037 1033 1098 de
1056 1041 1169 1099 virtute
1193 1049 1299 1112 certat,
1323 1038 1487 1100 Bethicam
1510 1059 1566 1100 no·

115 1143 300 1205 bilissimam
325 1141 502 1220 Hispaniae
524 1143 728 1221 provinciam,
759 1160 841 1221 quae
871 1161 974 1202 annos
996 1144 1200 1224 octingentos
1223 1143 1432 1204 barbarorum
1456 1145 1565 1225 iugum

114 1267 209 1327 passa
232 1258 289 1321 est,
312 1247 407 1309 nobis
431 1247 573 1308 restituit.
599 1245 712 1326 Neque
736 1265 842 1306 rerum
865 1248 1035 1324 scriptores
1065 1246 1146 1307 ullos
1170 1247 1270 1327 magis
1293 1246 1446 1312 infamant
1469 1267 1568 1326 quam

114 1370 179 1425 eos,
202 1352 258 1430 qui
287 1352 444 1429 praesenti
479 1369 585 1411 rerum
608 1360 693 1411 statu
715 1351 857 1429 contenti
889 1350 992 1411 divina
1023 1368 1080 1428 per
1111 1349 1266 1412 desidiam
1294 1351 1471 1433 negligunt:
1503 1371 1568 1432 qua

114 1456 238 1516 macula
254 1456 374 1516 utinam
391 1453 589 1515 Venceslaus
613 1453 671 1527 ille,
688 1456 740 1534 qni
765 1466 895 1533 propter
918 1452 1089 1533 segniciem
1107 1455 1239 1533 imperio
1256 1454 1404 1516 Romano
1425 1456 1568 1518 deiectus

114 1571 173 1638 est,
196 1576 345 1637 aspersus
368 1577 435 1620 non
458 1561 557 1619 esset!
581 1557 740 1620 Fortassis
755 1560 841 1620 enim
856 1558 969 1619 melius
992 1577 1027 1618 se
1050 1577 1100 1618 res
1123 1569 1250 1620 nostrae
1274 1558 1436 1621 baberent.
1461 1559 1566 1621 Potuit

115 1665 175 1724 sub
207 1661 356 1723 Heraclio
391 1660 529 1725 Caesare
571 1661 774 1724 Mahumetes
803 1661 1087 1743 pseudopropheta
1121 1664 1270 1742 opprimi,
1304 1665 1408 1741 potuit
1447 1664 1568 1725 malum

115 1768 229 1843 oriens,
252 1777 426 1846 antequam
442 1765 564 1827 radices
580 1778 695 1849 ageret,
719 1767 810 1828 facile
832 1765 980 1828 convelli:
1005 1765 1070 1840 sed,
1094 1765 1172 1826 dnm
1196 1767 1426 1827 inveterascere
1448 1768 1565 1840 sinitur,

115 1873 253 1949 primum
282 1869 437 1932 Arabiam
468 1872 648 1950 occupavit,
684 1870 800 1931 deinde
833 1868 1021 1952 Aegyptum
1052 1868 1242 1949 Syriamque
1276 1871 1415 1952 subegit,
1450 1881 1482 1931 et
1514 1890 1570 1949 per

114 1974 256 2036 Africam
279 1973 464 2054 Asiamque,
488 1977 554 2036 imo
578 1985 682 2036 toturn
706 1986 859 2036 terrarum
883 1975 996 2036 orbem
1019 1972 1135 2036 lethale
1157 1976 1241 2034 virus
1264 1973 1390 2036 diffudit
1414 1994 1480 2035 non
1502 1977 1569 2036 sine

116 2079 282 2140 Romanae
306 2077 532 2161 magnitudinis
555 2079 736 2159 ignominia.
761 2078 865 2140 Multo
896 2079 997 2159 magis
1019 2077 1194 2139 catholicae
1218 2077 1291 2138 fidei
1313 2079 1436 2159 ignavia
1460 2080 1569 2141 nocuit

118 2182 252 2244 lleraclii
277 2202 375 2262 quam
399 2180 547 2257 Neronis,
568 2180 752 2257 Domitiani,
775 2181 884 2245 Severi
908 2181 1161 2261 Diocletianique
1184 2181 1353 2244 crudelitas
1376 2194 1407 2245 et
1431 2184 1568 2244 saevitia.

115 2286 174 2347 Per
203 2285 285 2347 hanc
314 2288 400 2347 enim
430 2286 561 2357 ecclesia
585 2288 676 2366 quasi
707 2306 820 2348 aurum
843 2288 915 2368 igne
937 2287 1155 2347 examinatum
1188 2288 1295 2364 purior
1318 2285 1401 2348 facta
1423 2298 1480 2361 est,
1514 2305 1570 2366 per

116 2391 200 2451 illam
224 2392 253 2451 in
277 2389 428 2473 angulum
452 2389 602 2469 Europae
634 2389 754 2451 redacti
785 2389 990 2451 lamentabile
1021 2389 1183 2451 excidium
1207 2389 1334 2451 assidue
1358 2391 1399 2452 ab
1424 2391 1569 2453 hostibus

115 2506 333 2573 expectamus.
370 2493 502 2572 Quanto
527 2494 638 2555 melius
654 2491 690 2576 ¹⁰)
728 2493 877 2555 Andreas
904 2505 936 2555 et
959 2493 1036 2555 Bela
1059 2494 1209 2567 lecerunt,
1241 2496 1271 2555 in
1300 2514 1438 2575 quorum
1462 2494 1568 2557 locum

116 2609 151 2659 tn
173 2616 258 2660 nunc
281 2597 470 2672 successisti,
491 2600 545 2677 qui
561 2598 744 2659 Pannonios
760 2597 802 2659 ad
818 2598 939 2660 cultum
963 2597 1123 2660 idolorum
1146 2598 1248 2659 redire
1270 2601 1436 2677 cupientes
1452 2601 1482 2660 in
1499 2601 1569 2678 ipso

114 2713 234 2764 conatu
257 2704 464 2764 obtriverunt.
503 2700 694 2764 Enumeravi
726 2703 782 2764 tibi
812 2703 917 2764 bonos
948 2703 1115 2782 malosque
1139 2704 1312 2781 principes:
1344 2715 1433 2765 utros
1456 2723 1498 2764 ex
1521 2703 1569 2765 his

114 2811 205 2889 sequi
229 2809 317 2881 velis,
342 2810 372 2868 in
395 2817 452 2868 tuo
476 2807 605 2868 arbitrio
628 2809 724 2869 situm
748 2819 805 2869 est.
844 2806 928 2868 Nam
958 2807 1035 2887 qnid
1067 2807 1231 2868 honestius
1257 2807 1490 2888 gloriosiusque
1521 2810 1569 2882 sit,

115 2914 248 2996 quilibet
263 2912 413 2993 intelligit.
440 2911 554 2991 Neque
577 2912 662 2971 enim
680 2910 736 2972 illis
751 2914 902 2990 potentia,
925 2911 1042 2993 opibus
1058 2929 1232 2972 numerove
1248 2912 1423 2972 amicorum
1448 2911 1572 2972 inferior·

116 3038 160 3080 es
199 3017 340 3100 Ungaria
370 3016 426 3078 tibi
457 3025 557 3095 paret,
588 3014 720 3075 Polonia
750 3014 894 3076 sratemis
916 3016 1065 3094 auspiciis
1091 3017 1216 3097 regitur,
1240 3014 1414 3077 Germania
1435 3017 1481 3077 tui
1503 3035 1572 3094 per·

116 3142 215 3203 quam
238 3120 383 3183 studiosa
406 3130 463 3194 est,
487 3119 604 3181 adsunt
633 3118 733 3180 duces
756 3118 944 3199 militesque,
975 3120 1132 3180 vincendo
1164 3137 1247 3197 pene
1270 3139 1363 3180 senes
1386 3119 1473 3180 sacti:
1496 3138 1573 3181 con-

118 3224 277 3304 fiterer⁹‘')
302 3239 409 3287 tamen
434 3243 574 3285 menon
598 3242 701 3283 errare
724 3222 838 3296 solum,
870 3222 928 3284 sed
951 3242 1082 3285 caecum
1111 3225 1382 3304 praecipitemque
1405 3221 1525 3306 nette)
1548 3226 1574 3284 si

118 3344 151 3393 te
175 3330 222 3392 bis
238 3331 371 3391 nimium
395 3327 558 3389 confidere
573 3327 695 3388 vellem.
720 3326 950 3389 Numeraverat
974 3326 1140 3407 quondam
1163 3326 1266 3389 David
1290 3329 1453 3408 populum,
1477 3340 1574 3408 atque

119 3436 163 3497 ob
190 3434 222 3495 id
245 3437 323 3495 iram
347 3432 407 3494 Dei
431 3435 462 3493 in
486 3452 520 3493 se
543 3434 734 3511 provocarit.
759 3430 828 3493 Nec
851 3431 983 3494 forsitan
1007 3433 1092 3494 aliud
1116 3435 1146 3494 in
1170 3452 1266 3494 causa
1289 3443 1346 3507 est,
1369 3432 1457 3513 quod
1479 3431 1574 3514 Sigis-

120 3538 232 3599 mundi
255 3538 363 3617 proavi
388 3537 432 3597 tui
458 3537 537 3596 tanti
567 3545 740 3614 apparatus
762 3555 889 3615 semper
912 3538 986 3597 irriti
1017 3537 1150 3610 luerunt,
1182 3538 1238 3597 nisi
1263 3536 1352 3616 quod
1376 3537 1446 3616 plus
1468 3556 1573 3617 aequo

118 3642 161 3704 de
184 3644 249 3704 suis
272 3642 389 3701 viribus
414 3642 647 3718 praesumebat.
671 3638 722 3700 Tu
745 3659 831 3714 vero,
855 3659 952 3720 quem
976 3659 1039 3723 ego
1062 3658 1127 3701 non
1149 3638 1251 3702 laudis
1277 3659 1397 3715 amore,
1420 3659 1485 3702 non
1509 3639 1573 3702 ullo

117 3746 258 3825 denique
280 3745 424 3806 humano
448 3744 574 3817 affectu,
598 3743 656 3805 sed
683 3742 757 3804 fidei
780 3742 847 3805 zelo
879 3744 920 3805 ad
946 3755 1011 3805 tam
1043 3745 1239 3822 praeclarum
1268 3763 1350 3822 opus
1373 3743 1447 3805 duci
1469 3746 1573 3823 cupi0,

117 3868 233 3910 omnes
255 3867 329 3928 spes
345 3859 416 3909 tuas
432 3850 463 3908 in
480 3847 673 3910 coelestibus
683 3844 725 3929 Μ)
749 3845 887 3928 Deoque
910 3848 1038 3929 defiges,
1058 3849 1121 3928 qui,
1144 3848 1170 3909 si
1193 3849 1249 3908 tibi
1272 3849 1387 3931 agenti,
1410 3867 1495 3927 quae
1519 3859 1573 3910 tua

117 3964 201 4027 sunt,
223 3971 351 4030 semper
366 3950 464 4025 affuit,
482 3950 577 4034 longe
594 3954 698 4012 minus
714 3971 772 4031 pro
788 3953 874 4013 cultu
897 3963 929 4015 et
951 3953 1050 4033 gloria
1066 3955 1134 4014 eius
1149 3952 1366 4013 elaborantem
1383 3963 1415 4013 te
1431 3951 1571 4014 deseret:

118 4059 196 4137 quin
218 4057 316 4118 etiam
337 4057 404 4116 sine
428 4067 459 4116 te
481 4056 633 4117 ecclesiae
663 4077 740 4118 suae
772 4055 859 4118 facile
881 4056 1048 4118 consulere
1071 4066 1185 4136 potest.
1227 4055 1331 4117 Huius
1354 4075 1417 4134 ope
1441 4056 1574 4133 Moyses

118 4181 176 4241 per
199 4179 288 4222 mare
310 4160 451 4231 rubrum,
475 4179 534 4239 per
556 4159 626 4221 loca
650 4160 821 4222 solitudine
844 4170 941 4233 vasta,
973 4179 1028 4238 per
1055 4160 1164 4221 hostes
1186 4159 1342 4239 populum
1367 4157 1573 4221 israeliticum

120 4265 221 4328 duxit
245 4264 302 4325 Per
317 4263 403 4326 hunc
426 4263 549 4346 Sangar
564 4284 695 4327 vomere
711 4267 795 4325 viros
818 4275 997 4337 sexcentos,
1020 4261 1157 4325 Samson
1183 4264 1369 4324 mandibula
1391 4264 1468 4324 asini
1488 4263 1573 4324 mille

118 4370 355 4443 interfecerunt;
386 4370 478 4431 huius
509 4370 619 4449 spiritu
642 4371 779 4447 percitus
799 4362 1020 4449 Jonatas'uno
1043 4370 1214 4429 comitatus
1238 4370 1394 4448 armigero
1429 4367 1572 4449 ingentes

118 4474 369 4536 Palaestinorum
392 4475 501 4553 copias
524 4475 639 4552 partim
662 4472 784 4546 cecidit,
818 4474 934 4550 partim
962 4475 991 4532 in
1015 4471 1124 4554 fugam
1148 4473 1247 4534 vertit.
1285 4470 1492 4533 Theodosius
1515 4473 1573 4532 im·

119 4590 249 4658 perator
280 4581 311 4640 in
341 4577 522 4660 Eugenium
557 4588 729 4657 tyrannum
759 4587 957 4658 pugnaturus
988 4594 1052 4636 non
1088 4574 1151 4638 tela
1179 4575 1366 4657 gladiosque
1376 4573 1418 4658 ⁹³)
1442 4577 1573 4637 circum-

119 4685 234 4764 spexit,
250 4681 307 4744 sed
324 4682 396 4744 loco
411 4701 573 4744 armorum
591 4684 751 4743 orationes
767 4683 945 4761 ieiuniaque
968 4681 1107 4759 arripuit,
1123 4692 1154 4742 et
1171 4683 1332 4742 victoriam
1349 4680 1432 4741 illam
1450 4700 1572 4741 memo·

119 4787 252 4850 rabilem
275 4785 413 4866 adeptus
435 4797 491 4860 est,
522 4807 541 4847 a
571 4789 659 4848 cuius
689 4787 833 4865 partibus
864 4785 1011 4847 divinitus
1042 4786 1137 4847 etiam
1167 4796 1280 4845 ventos
1311 4787 1434 4846 stetisse
1460 4785 1571 4847 serunt.

213 4974 242 5041 ¹⁹)
261 4975 285 5026 K
303 4975 416 5044 pridava
436 4973 651 5043 sapientiusque.

208 5062 240 5130 ²⁰)
260 5063 286 5114 M
306 5063 451 5116 confiteor.

210 5150 243 5215 ²¹)
261 5150 288 5202 M
307 5149 381 5202 ferri.

210 5236 244 5302 ²²)
263 5237 287 5288 K
305 5235 460 5290 coelitibus.
519 5231 522 5237 ⁵

210 5322 243 5392 ²¹)
261 5324 285 5376 K
304 5323 472 5392 clipeosque.
