3660 5850
891 741 942 803 42.

456 895 676 970 Bohuslav
703 895 907 991 probostu
936 896 1099 970 kostela
1127 893 1382 969 Praiskeho.

277 1083 380 1152 (uss.)
400 1084 577 1153 Doporuduje
597 1084 740 1138 zaleiitost
759 1084 881 1154 kapitoly
900 1084 1081 1138 Olomouckk.
1100 1084 1192 1152 (Nova
1210 1083 1289 1152 epist.
1308 1101 1369 1152 app.
1389 1082 1424 1150 9.)

276 1279 314 1341 D.
337 1282 523 1360 praeposito
546 1279 698 1342 ecclesiae
729 1280 895 1362 Pragensis
918 1301 942 1343 s,
966 1300 996 1361 p.
1020 1280 1049 1341 d.
1089 1279 1157 1341 Has
1181 1298 1270 1341 meas
1301 1278 1407 1340 literas
1437 1278 1505 1340 duo
1536 1290 1644 1358 patres

189 1384 318 1464 capituli
341 1382 568 1447 Olomucensis
590 1384 632 1446 ad
656 1385 822 1458 leserunt,
855 1384 972 1464 quibus
995 1384 1138 1445 nonniliil
1169 1385 1287 1466 negotii
1316 1385 1347 1443 in
1371 1381 1487 1444 iudicio
1514 1381 1644 1462 publico

189 1500 245 1550 est.
270 1487 343 1550 Hos
365 1508 427 1571 ego
451 1491 495 1550 ita
517 1491 573 1551 tibi
596 1489 801 1560 commendo,
825 1500 861 1549 ut
877 1490 978 1568 magis
1001 1507 1068 1550 non
1091 1490 1221 1566 possim.
1247 1487 1339 1566 Quae
1356 1489 1440 1547 enim
1464 1487 1643 1561 intendunt,

190 1597 271 1655 iusta
294 1605 326 1654 et
349 1613 453 1674 aequa
475 1604 557 1666 sunt,
582 1603 613 1653 et
637 1613 720 1673 quae
744 1593 799 1654 tibi
824 1612 921 1671 quarn
945 1593 1075 1652 minime
1110 1592 1250 1654 absurda
1274 1595 1375 1653 visum
1400 1593 1435 1652 iri
1458 1602 1545 1654 certo
1569 1594 1643 1654 scio.

190 1699 264 1759 Non
288 1717 421 1777 possum
446 1696 576 1776 quidem
607 1696 706 1758 ullum
730 1717 838 1758 meum
863 1699 893 1757 in
924 1707 955 1758 te
979 1698 1126 1757 meritum
1158 1715 1422 1770 commemorare,
1452 1707 1487 1757 ut
1517 1705 1642 1758 tantum

190 1803 244 1864 tibi
270 1805 375 1865 oneris
398 1804 464 1862 iure
495 1805 659 1881 imponere
691 1804 826 1880 possim:
858 1801 951 1861 velim
976 1812 1084 1862 tamen
1107 1800 1219 1861 credas
1243 1820 1294 1860 me
1318 1811 1349 1861 et
1372 1810 1498 1883 gratum
1522 1811 1552 1862 ct
1576 1820 1642 1861 me-

189 1924 313 1969 morem
328 1905 557 1967 beneficiorum
574 1916 703 1966 tuorum
727 1905 802 1977 lore,
819 1924 924 1985 neque
940 1904 1158 1966 dubitaturum
1175 1904 1290 1965 referre
1305 1902 1451 1986 gratiam,
1468 1907 1492 1965 si
1509 1904 1641 1984 quando

187 2021 334 2089 tempora
356 2008 491 2084 tulerint,
522 2019 556 2070 ut
580 2010 635 2071 tibi
659 2008 778 2092 gloriae
813 2007 1002 2088 utilitatique
1034 2027 1103 2068 esse
1135 2027 1260 2088 queam.
1299 2008 1446 2070 Forsitan
1477 2009 1572 2070 etiam
1595 2010 1641 2070 tui

187 2123 218 2174 et
242 2115 339 2175 totius
363 2111 528 2194 Pragensis
551 2112 703 2173 ecclesiae
728 2115 865 2186 interest,
890 2125 924 2174 ut
948 2112 988 2187 id,
1020 2113 1110 2191 quod
1134 2113 1274 2191 cupiunt,
1306 2123 1531 2193 assequantur:
1555 2110 1640 2173 laudi

190 2228 275 2280 certe
298 2217 477 2296 honorique
493 2236 559 2278 non
582 2235 696 2296 parurn
711 2216 880 2290 conducet,
904 2219 928 2277 si
953 2235 1051 2294 opera
1070 2227 1124 2277 tua
1140 2216 1290 2278 eflectum
1307 2215 1405 2290 fuerit,
1431 2225 1465 2278 ut
1480 2215 1641 2277 libertates

187 2333 219 2383 et
241 2325 307 2383 iura
330 2320 550 2395 ecclesiastica,
582 2331 737 2402 quantum
768 2321 881 2383 saltem
916 2322 946 2382 in
971 2321 1030 2382 hac
1062 2323 1223 2399 provincia
1258 2320 1325 2382 fieri
1360 2331 1476 2401 potest,
1511 2321 1640 2380 minime

188 2426 402 2507 infringantur.
445 2423 536 2486 Haec
570 2435 679 2486 autem
715 2428 833 2500 omnia,
869 2428 895 2486 si
926 2446 978 2487 me
1013 2445 1110 2499 amas
1142 2427 1254 2486 iccirco
1289 2425 1469 2506 diligentius
1504 2425 1637 2498 curabis,

187 2529 340 2609 quoniam
365 2549 414 2591 res
437 2527 672 2591 Olomucenses
695 2529 757 2591 hoc
780 2541 924 2608 tempore
948 2529 989 2590 ad
1014 2549 1065 2591 me
1090 2548 1221 2610 quoque
1245 2530 1444 2610 aliquantum
1473 2531 1639 2609 pertinent.

193 2633 283 2694 Vale.
306 2728 309 2733 Q

274 2821 326 2874 Viz
344 2820 500 2889 poznamku
520 2821 536 2873 k
555 2821 619 2875 listu
638 2820 681 2873 :lu
701 2821 863 2875 Probouem
884 2822 934 2875 zde
954 2822 1096 2890 mineny'm
1116 2821 1162 2889 byl
1181 2822 1290 2874 tenkrat
1302 2821 1387 2874 Pavel
1401 2807 1505 2889 Stdplm
1519 2821 1639 2885 Poucelr,

187 2907 324 2976 papeislry'
344 2908 470 2962 visitator
488 2925 504 2961 a
523 2909 730 2961 administrator
748 2909 960 2976 arcibislrupstvl
975 2909 1131 2962 Praiskeho
1152 2907 1330 2961 rasa-1498.

885 3246 936 3309 43.

513 3399 734 3475 Bohuslav
762 3398 1030 3475 Viktorinovi
1058 3423 1106 3474 ze
1135 3398 1315 3475 Vsehrd.

274 3592 375 3658 (1⁴9³.)
394 3589 570 3659 Odporucuje
589 3593 640 3642 vec
660 3589 818 3642 lranovnllrlt
837 3589 1049 3657 Olomouckych
1069 3607 1085 3642 a
1103 3590 1176 3658 prosl
1195 3607 1228 3643 za
1240 3588 1324 3658 brzlry'
1343 3589 1429 3658 dopis.
1449 3589 1540 3658 (Nova
1559 3590 1637 3659 epist.
1659 3609 1661 3612 ⁴

186 3695 247 3746 aar·
266 3675 340 3745 Μὰ)

273 3870 441 3933 Victorino
464 3872 505 3933 de
528 3871 685 3933 Wssehrd
717 3891 739 3932 s.
763 3870 794 3932 d.
830 3868 982 3933 Canonici
1012 3870 1079 3933 duo
1103 3869 1327 3933 Olomucensis
1356 3871 1507 3933 ecclesiae
1538 3873 1637 3932 acturi

186 3989 259 4039 sunt
283 3975 436 4038 nonnulla
460 3978 588 4058 negotia
611 3977 642 4035 in
666 3975 783 4037 iudicio
807 3976 950 4054 publico:
967 3976 1015 4037 his
1037 3975 1169 4036 consilio
1194 3987 1250 4037 tuo
1273 3985 1369 4054 atque
1393 3974 1545 4037 industria
1569 3975 1637 4054 plu-

187 4084 301 4142 rimum
332 4100 415 4159 opus
447 4082 511 4141 erit.
550 4079 772 4159 Quamobrem
806 4080 954 4142 homines
985 4080 1039 4141 tibi
1071 4099 1267 4160 magnopere
1301 4079 1506 4152 commendo,
1536 4081 1636 4140 immo

186 4186 316 4246 forsitan
340 4203 391 4245 me
415 4186 530 4263 ipsum.
569 4183 654 4245 Nam
678 4205 761 4264 quae
789 4197 896 4266 agunt,
927 4183 1001 4245 milri
1034 4203 1164 4263 quoque
1195 4183 1402 4264 aliquantum,
1429 4185 1454 4244 si
1477 4182 1636 4245 Dominus

184 4289 324 4363 voluerit,
341 4290 410 4351 usui
427 4288 530 4350 futura
546 4300 627 4349 sunt.
644 4289 770 4367 Quodsi
786 4288 873 4362 alios,
890 4307 972 4368 quos
989 4289 1045 4349 tibi
1061 4287 1267 4362 commendo,
1284 4308 1418 4363 summa,
1435 4287 1635 4349 humanitate

184 4395 311 4472 excipis
335 4393 366 4454 id
390 4402 481 4454 tanto
505 4392 677 4453 studiosius
700 4395 731 4452 in
756 4393 934 4470 praesentia
957 4393 1059 4463 iacies,
1091 4403 1212 4470 quanto
1236 4403 1344 4454 nostra
1368 4392 1477 4453 alienis
1499 4392 1636 4474 gratiora

184 4517 254 4559 esse
277 4497 390 4559 solent.
431 4495 522 4557 Haec
546 4507 579 4558 ut
603 4496 659 4558 tibi
682 4516 777 4557 curae
800 4497 871 4568 sint,
905 4499 1001 4558 etiam
1025 4508 1122 4575 atque
1154 4498 1248 4557 etiam
1279 4515 1401 4575 precor.
1443 4494 1534 4570 Vale,
1557 4497 1637 4556 etsi

184 4605 239 4663 tibi
263 4620 319 4679 per
341 4602 570 4678 occupationes
601 4600 833 4671 lustrandum
864 4600 983 4681 aliquid
1007 4601 1152 4675 rescribe,
1183 4604 1317 4680 nequis
1347 4600 1477 4662 lorsitan
1508 4618 1636 4661 morum

183 4718 311 4767 tuorum
342 4707 469 4787 ignarus
502 4704 660 4767 silentium
691 4716 759 4765 tam
783 4707 915 4785 longum
946 4706 1040 4765 animi
1065 4707 1108 4765 tui
1133 4725 1151 4765 a
1175 4723 1227 4765 me
1250 4704 1375 4765 alienati
1407 4703 1557 4765 indicium
1581 4722 1636 4764 ex-

184 4812 309 4871 istimet.
333 4809 423 4870 Vale.
476 4807 477 4810 ’

272 5016 296 5067 V
299 5014 324 5066 iz
342 5015 497 5083 poznamlru
517 5014 609 5067 klistu
629 5013 670 5067 fill.
