3660 5850
881 656 931 719 lt.

306 794 462 890 Papeii
491 793 732 868 Alexandru
760 792 834 866 V1.
859 790 1041 887 jmenem
1070 790 1183 887 panii
1211 788 1509 886 moravsky‘ch.

270 983 350 1050 (1493
369 1014 402 1022 -
422 997 456 1039 tta
475 983 567 1049 timu.)
586 982 709 1036 Stlinost
728 999 763 1034 na
782 990 820 1045 to,
839 981 870 1035 le
885 988 1053 1049 nepotvrzen
1073 980 1255 1049 kbislrupstvr'
1275 978 1496 1032 otomouetremu
1514 976 1637 1045 zvoleny

184 1071 219 1123 od
238 1068 360 1138 kapitoly
379 1086 396 1122 a
415 1070 467 1122 ode
486 1071 572 1122 vsech
592 1072 672 1122 stavit
690 1068 799 1136 iadany'
818 1069 967 1130 Bohuslav‚
987 1067 1071 1137 ny'brl
1090 1066 1243 1136 bislrupstvl
1262 1067 1296 1119 od
1316 1065 1419 1136 papele
1437 1065 1558 1118 udlleno
1576 1063 1633 1117 kar-

184 1156 277 1209 dinalu
291 1157 525 1209 Montrealslremu
538 1156 677 1223 Borgiovi,
690 1173 706 1209 a
719 1156 803 1208 lidenl
822 1153 1064 1223 nebezpedenstvl,
1084 1155 1160 1208 litera
1179 1171 1210 1208 ze
1224 1161 1305 1207 stavu
1321 1154 1388 1206 toho
1400 1151 1471 1205 zerni
1485 1149 1638 1219 vachAzejl.

184 1243 275 1311 (Nova
293 1243 372 1311 epist.
390 1261 451 1312 app.
472 1245 494 1305 l,
514 1241 665 1311 Vinarickr
686 1243 738 1309 15.)

272 1419 326 1480 Ad
349 1439 513 1482 summum
536 1420 731 1499 pontificem.
756 1419 975 1500 Exposuirnus
998 1421 1061 1481 iam
1078 1419 1209 1500 pridem,
1234 1421 1416 1481 beatissime
1432 1429 1531 1498 pater,
1555 1436 1638 1478 sere·

186 1527 316 1588 nissimo
340 1524 475 1587 domino
506 1537 616 1587 nostro
640 1527 704 1606 regi
729 1522 868 1605 pericula
900 1525 1092 1603 reipublicae
1124 1534 1260 1597 nostrae,
1293 1543 1376 1604 quae
1400 1522 1551 1585 Maiestas
1575 1519 1640 1585 Sua

186 1648 252 1691 non
282 1629 438 1692 dubitavit
472 1629 565 1691 literis
599 1631 785 1710 nunciisque
813 1627 980 1691 Sanctitati
1010 1628 1101 1691 Tuae
1132 1639 1208 1690 nota
1236 1628 1347 1690 lacere.
1391 1626 1508 1707 Neque
1532 1636 1640 1687 tamen

189 1753 231 1796 ex
255 1753 295 1796 eo
319 1745 465 1813 tempore
488 1736 661 1815 quicquam
684 1733 868 1796 huiusmodi
902 1733 1021 1797 iactum
1055 1744 1111 1808 est,
1135 1753 1201 1814 quo
1235 1734 1410 1794 imminenti
1438 1733 1531 1794 nobis
1556 1729 1641 1790 malo

188 1838 421 1900 consuleretur:
452 1858 512 1900 nos
546 1851 653 1901 autem
692 1840 818 1901 interim
856 1857 997 1900 erramus
1034 1849 1187 1918 tanquam
1223 1856 1300 1898 ores
1338 1839 1406 1898 sine
1448 1847 1577 1915 pastore
1610 1844 1643 1895 et

187 1942 407 2005 insidiantibus
429 1942 510 2023 lupis
541 1943 582 2004 ad
610 1962 742 2005 omnem
765 1944 909 2005 iniuriam
934 1953 1088 2024 patemus.
1124 1941 1280 2004 Dolemus
1312 1943 1426 2003 mirum
1452 1942 1483 2001 in
1507 1938 1642 2001 modum

189 2067 249 2110 nos
277 2067 317 2109 eo
348 2048 496 2110 redactos
526 2067 604 2122 esse,
635 2047 785 2109 dolemus
809 2048 1108 2128 ingemiscimusque
1135 2045 1206 2127 plus
1229 2046 1334 2107 valere
1362 2047 1486 2124 iniquas
1509 2043 1643 2105 aliorum

189 2153 411 2234 suggestiones
441 2171 540 2233 quam
563 2154 748 2214 iustissimas
779 2172 889 2232 preces
923 2163 1056 2226 nostras,
1080 2163 1112 2212 et
1134 2150 1205 2231 plus
1228 2149 1326 2211 audiri
1358 2168 1424 2221 eos,
1452 2150 1506 2228 qui
1536 2147 1643 2209 lanam

190 2264 344 2336 spectant,
380 2275 455 2336 qam
491 2258 544 2334 qui
576 2256 711 2318 salutem
743 2258 850 2318 ovium
884 2265 1048 2336 quaerunt.
1087 2253 1251 2333 Quidnam
1275 2252 1361 2314 aliud
1390 2253 1541 2331 suspicari
1572 2270 1646 2329 pos-

191 2361 321 2422 sumus?
350 2360 523 2442 Elegerunt
553 2371 659 2442 patres
689 2360 816 2440 capituli
849 2358 1074 2423 Olomucensis
1104 2361 1135 2419 in
1165 2360 1352 2438 episcopum
1385 2356 1582 2418 Bohuslaum
1605 2355 1646 2416 de

192 2464 378 2528 Lobkoricz
409 2475 439 2526 et
473 2467 504 2525 in
536 2465 717 2543 llasisteyn,
750 2466 820 2526 buis
850 2465 1037 2527 electionem
1067 2463 1168 2544 Regia
1198 2462 1349 2524 Maiestas
1379 2464 1458 2522 mira
1485 2460 1646 2522 alacritate

193 2571 389 2651 approbavit,
420 2570 505 2631 lrunc
536 2589 600 2631 non
625 2570 772 2632 nobilitas
803 2570 908 2631 solum
939 2569 996 2630 sed
1021 2587 1134 2628 omnes
1159 2570 1301 2628 omnium
1327 2567 1494 2627 hominum
1518 2564 1647 2626 ordines

193 2685 284 2735 tanto
318 2684 439 2753 quanto
474 2677 526 2734 vix
561 2694 705 2755 unquam
742 2694 925 2754 quenquam
958 2673 1054 2735 alium
1079 2673 1185 2735 studio
1220 2690 1443 2751 consensuque
1473 2683 1643 2751 expetunt:

195 2781 324 2839 minime
363 2790 470 2840 tamen
508 2779 687 2840 confirmari
726 2782 838 2858 potuit,
877 2782 1029 2859 quoniam
1068 2777 1184 2839 scilicet
1222 2775 1380 2839 Sanctitas
1403 2773 1474 2836 Tua
1508 2773 1646 2835 eundern

195 2885 416 2961 episcopatum
440 2883 489 2944 alii
513 2883 656 2945 contulit.
690 2883 723 2944 ld
748 2904 862 2962 nempe
894 2885 999 2945 solum
1024 2886 1053 2943 in
1078 2902 1173 2943 causa
1201 2900 1272 2942 esse
1301 2892 1439 2960 putatur.
1478 2877 1649 2940 Caeterum

196 3006 256 3049 nos
280 2987 315 3047 R.
339 2986 532 3047 cardinalem
557 2986 678 3049 Montis
701 2988 826 3068 Regalis
850 2988 1009 3048 credimus
1038 3006 1190 3069 magnum
1215 2997 1246 3046 et
1269 2985 1420 3047 illustrem
1444 2986 1545 3045 virum
1570 3003 1649 3055 esse,

196 3110 301 3172 neque
324 3101 431 3152 tamen
455 3111 538 3165 eum,
561 3112 658 3171 quern
683 3092 809 3170 praefici
834 3103 990 3170 oporteat.
1014 3091 1101 3170 Quid
1125 3093 1209 3151 enim
1233 3091 1326 3151 nobis
1350 3089 1466 3151 lructus
1490 3098 1545 3149 aut
1569 3088 1650 3150 utili·

196 3197 269 3256 tatis
292 3194 388 3255 affere
411 3195 545 3273 poterit?
569 3195 664 3257 lllene
687 3196 816 3275 publico
833 3197 947 3258 iudicio
964 3197 1132 3257 nobiscum
1157 3193 1364 3275 praesidebit?
1389 3192 1443 3254 llle
1458 3195 1506 3254 ius
1530 3192 1650 3273 litigan-

196 3301 280 3362 tibus
303 3299 395 3374 dicet‚
419 3302 472 3379 qui
488 3300 612 3360 Romae
633 3299 719 3381 degit
743 3312 773 3361 et
790 3301 931 3363 fortassis
947 3320 1113 3381 nunquam
1128 3298 1294 3360 ecclesiam
1317 3316 1408 3360 suam
1425 3296 1569 3359 aditurus
1584 3296 1651 3358 est?

196 3402 292 3465 lllene
308 3422 414 3463 mores
431 3404 587 3475 formabit,
612 3416 643 3466 et
667 3404 792 3487 linguae
813 3419 843 3466 et
859 3405 1128 3467 consuetudinum
1153 3415 1333 3464 nostrarum
1359 3420 1489 3481 prorsus
1505 3401 1653 3483 ignarus?

200 3506 294 3569 lllene
310 3506 456 3568 haereses
479 3507 622 3587 quotidie
639 3508 828 3588 pullulantes
844 3511 947 3587 sopiet
964 3521 995 3570 et
1012 3509 1192 3589 extirpabit,
1219 3527 1354 3588 quarum
1379 3508 1518 3587 origines
1542 3504 1653 3567 funda-

190 3618 372 3692 'mentaque
396 3610 467 3672 solo
490 3611 600 3672 auditu
625 3613 809 3694 cognoscit?
847 3611 890 3673 At
915 3613 1094 3675 Bolurslaus
1126 3615 1288 3674 internos
1319 3621 1411 3672 natus
1434 3610 1654 3690 educatusque

201 3727 257 3790 est,
281 3717 343 3796 qui,
368 3717 392 3775 si
409 3715 494 3776 nulla
517 3717 577 3776 alia
593 3737 633 3789 re,
656 3737 694 3778 ea
718 3730 801 3779 certe
825 3720 931 3796 potior
947 3731 1004 3791 est,
1027 3717 1116 3797 quod
1134 3719 1254 3777 maiore
1277 3715 1469 3777 authoritate
1485 3713 1527 3775 ad
1551 3715 1655 3792 ponti-

202 3821 331 3883 ficatum
355 3823 516 3899 perveniet
548 3824 723 3903 maiorique
747 3825 845 3904 gratia
878 3825 1071 3902 populorum
1096 3823 1268 3903 savoreque
1298 3821 1483 3899 excipietur,
1507 3831 1540 3880 et
1569 3820 1656 3899 quic-

202 3924 279 4007 quid
303 3926 396 3986 nobis
412 3927 516 3986 oneris
533 3945 592 4005 pro
608 3926 714 3988 officio
732 3947 792 3987 suo
809 3929 960 4007 imponet,
985 3926 1015 3987 id
1031 3928 1193 4004 acceptius
1216 3922 1658 4004 tolerabiliusquevidebitur.

200 4029 296 4110 Quid,
319 4027 409 4110 quod
433 4029 532 4091 multa
555 4030 635 4092 illius
658 4031 810 4092 ecclesiae
833 4031 962 4092 castella
985 4032 1095 4110 priscis
1118 4031 1175 4090 illis
1199 4029 1444 4109 tempestatibus
1467 4029 1509 4089 ab
1532 4029 1657 4090 iniustis

204 4134 445 4214 possessoribus
469 4145 626 4213 occupata
649 4145 738 4196 sunt:
771 4154 875 4215 neque
899 4134 1033 4196 dubium
1056 4146 1112 4209 est,
1135 4138 1159 4195 si
1184 4133 1339 4196 tumultus
1361 4133 1474 4213 aliquis
1498 4132 1658 4195 bellumve

205 4239 329 4311 orietur,
353 4238 442 4318 quod
466 4238 552 4317 apud
573 4258 633 4300 nos
656 4258 739 4318 pene
755 4240 919 4302 assiduum
942 4251 999 4313 est,
1023 4242 1098 4320 quin
1115 4238 1233 4319 reliqua
1256 4256 1388 4318 quoque
1410 4235 1510 4299 simile
1533 4236 1660 4300 naufra-

205 4343 291 4425 gium
315 4361 446 4422 passura
469 4345 538 4404 sint.
563 4341 609 4404 lta
633 4343 695 4418 liet,
728 4355 762 4405 ut
786 4344 863 4405 dum
887 4346 941 4404 uni
964 4343 1036 4422 plus
1059 4363 1164 4423 aequo
1187 4342 1341 4416 studetur,
1368 4352 1455 4404 totus
1479 4342 1530 4403 ille
1553 4344 1660 4422 ponti-

207 4446 318 4507 ficatus
340 4464 414 4506 cum
438 4465 554 4528 magna
577 4449 757 4526 provinciae
781 4459 909 4508 nostrae
934 4450 1070 4526 pernicie
1093 4460 1124 4510 et
1147 4447 1315 4508 Romanae
1337 4446 1423 4508 sedis
1444 4465 1576 4526 pessum
1597 4459 1661 4511 eat

207 4550 294 4612 Num
309 4569 426 4630 nempe
448 4571 467 4611 a
489 4551 640 4613 cardinali
656 4550 777 4613 Montis
794 4550 920 4633 Regalis
936 4550 1063 4613 defendi
1087 4554 1211 4630 poterit,
1235 4554 1288 4632 qui
1304 4549 1407 4613 nullas
1421 4551 1473 4613 hic
1488 4549 1662 4628 clientelas

207 4654 309 4715 nullas
339 4656 492 4716 amicitias
522 4655 773 4736 sodalitatesque
805 4654 921 4716 habeti
958 4654 1261 4718 Excommunicabit
1284 4655 1401 4717 scilicet
1427 4667 1459 4718 et
1482 4674 1502 4716 a
1524 4675 1663 4737 corpore

207 4759 367 4820 militantis
397 4759 547 4821 ecclesiae
571 4761 748 4840 praecidet:
779 4762 869 4840 quasi
899 4762 1026 4821 nonsit
1058 4759 1164 4821 multis
1194 4761 1419 4840 experimentis
1449 4771 1574 4834 notum,
1596 4762 1664 4822 tale

204 4881 305 4944 genus
329 4863 496 4924 hominum
511 4867 621 4944 quanti
637 4886 661 4943 s·
677 4865 757 4925 icula
773 4864 987 4926 ecclesiastica
1002 4864 1102 4925 saciat.
1126 4864 1215 4925 luviti
1232 4864 1310 4925 haec
1327 4864 1503 4939 scribimus
1520 4863 1665 4928 Sanctis-

206 4968 285 5028 sime
303 4965 401 5040 Pater,
425 4987 529 5047 neque
553 4968 641 5048 quod
659 4968 818 5029 adversari
841 4967 1005 5030 Sanctitati
1030 4967 1121 5029 Tuae
1136 4980 1191 5030 aut
1211 4968 1306 5029 ullam
1327 4968 1455 5048 culpam
1479 4968 1665 5032 adscribere

207 5070 339 5132 velimus
364 5075 495 5153 issimus
518 5092 642 5152 nempe,
674 5086 830 5153 quantum
854 5076 917 5134 reri
947 5073 1006 5134 Dei
1031 5076 1163 5135 vicarius
1187 5076 1217 5134 in
1249 5076 1338 5134 terris
1360 5070 1489 5155 potest),
1522 5074 1580 5136 sed
1604 5095 1667 5138 eos

206 5177 300 5235 nobis
323 5196 433 5257 grates
450 5188 607 5254 putamus,
631 5180 684 5257 qui
709 5197 748 5237 ea
764 5180 823 5238 tuis
846 5179 976 5238 auribus
999 5178 1204 5249 inculcarunt,
1229 5197 1312 5257 quae
1329 5188 1361 5239 et
1377 5180 1436 5240 iuri
1459 5189 1492 5241 et
1507 5181 1666 5260 aequitati

209 5284 366 5342 contraria
388 5294 474 5343 suut:
499 5281 584 5361 apud
609 5301 692 5362 quos
715 5281 787 5360 plus
802 5301 915 5343 aurum
939 5293 1044 5359 potest
1067 5302 1164 5363 quarn
1188 5283 1355 5344 christiana
1377 5283 1498 5363 religio,
1521 5302 1667 5364 quorum
