3660 5850
184 369 235 423 142
806 367 1016 428 loos-1504

184 581 371 644 conclusum
388 593 444 652 est,
460 601 558 662 quam
574 582 720 645 induciae
736 580 842 645 Turco
866 581 907 643 ad
922 585 1124 662 septennium
1148 582 1300 644 firmatae.
1323 581 1358 643 ln
1374 583 1496 645 ducatu
1510 581 1638 646 Silesiae

183 688 241 748 nisi
265 687 334 748 illac
357 687 428 747 lites
451 697 482 747 et
506 685 684 748 discordiae
715 690 794 749 inter
823 688 1000 766 spirituales
1023 699 1055 747 et
1078 686 1236 749 seculares
1266 689 1390 749 noviter
1417 706 1562 749 emersae
1584 706 1638 766 per

182 810 294 875 graves
317 801 348 851 et
372 802 514 852 maturos
533 792 617 851 viros
640 803 875 870 componentur
897 803 929 853 et
952 791 993 853 ad
1017 790 1227 853 concordiam
1250 790 1460 864 deducentur,
1476 794 1585 862 timeo,
1600 809 1638 852 ne

184 895 343 959 seculares
363 895 447 955 facto
463 896 494 955 in
510 914 567 956 eos
590 896 711 974 impetu
734 914 848 956 omnes
871 898 896 956 si
919 914 985 957 non
1007 895 1201 969 interficiant,
1218 894 1297 957 locis
1319 906 1430 958 tamen
1445 897 1513 958 suis
1528 897 1637 957 eiciant

185 1012 216 1060 et
232 999 319 1061 bona
336 1018 447 1059 eorum
472 1010 631 1076 occupent
654 1009 768 1078 totque
791 1001 881 1061 novis
904 1010 936 1061 et
951 1000 1044 1061 variis
1065 998 1251 1061 haeresibus
1272 1001 1470 1078 provinciam
1494 999 1637 1060 refertam

184 1103 308 1176 faciant,
325 1112 406 1181 quot
422 1119 528 1180 neque
544 1104 574 1162 in
592 1099 783 1184 Bohemia*)
799 1101 973 1182 aliquando
994 1102 1127 1164 luerunt.
1151 1100 1275 1165 Omnes
1291 1105 1384 1179 enim,
1401 1114 1437 1164 ut
1452 1121 1638 1184 cognoscas,

183 1205 292 1279 duces,
316 1207 463 1280 barones,
480 1205 605 1266 nobiles
628 1216 659 1266 et
675 1207 817 1268 civitates
839 1216 952 1268 contra
974 1225 1032 1268 eos
1048 1209 1307 1269 coniuraverunt:
1330 1207 1422 1286 quod
1444 1207 1567 1269 malum
1589 1209 1639 1268 vix

185 1313 215 1371 in
232 1330 295 1371 una
315 1320 384 1373 seta
400 1309 531 1392 ligatum
554 1310 728 1372 cervicibus
751 1310 958 1389 spiritualium
983 1313 1149 1372 imminere
1172 1309 1304 1373 videtur.
1328 1308 1399 1372 Nos
1415 1321 1526 1372 autem
1543 1312 1639 1393 rogati

184 1426 216 1476 et
232 1413 383 1477 stimulati
403 1432 530 1493 semper
553 1413 732 1476 dormimus
755 1425 787 1474 et
812 1417 892 1477 sicut
915 1413 974 1475 alia
998 1416 1041 1476 ita
1065 1426 1096 1476 ct
1121 1415 1182 1476 hoc
1205 1413 1296 1476 flocci
1319 1413 1454 1476 iacimus
1469 1414 1519 1476 vel
1535 1416 1640 1494 potius

186 1539 243 1599 per
258 1521 416 1601 ignaviam
439 1517 638 1601 negligimus.
663 1518 778 1579 libros
801 1530 833 1580 et
855 1536 944 1580 arma
968 1529 1023 1579 tua
1045 1519 1131 1580 cistis
1154 1519 1306 1596 imposita
1327 1528 1360 1580 et
1382 1519 1545 1593 conclusa,
1561 1537 1641 1598 quae

186 1624 274 1702 apud
298 1642 349 1683 me
373 1622 552 1700 reliqueras,
577 1624 646 1684 misi
671 1622 805 1705 Pragam
829 1622 870 1683 ad
892 1622 1049 1702 loannem
1080 1633 1229 1704 patruum
1260 1641 1369 1684 meum
1397 1642 1456 1703 per
1479 1622 1641 1703 quendam

188 1738 349 1788 vectorem
373 1728 612 1800 mercenarium,
628 1728 678 1788 cui
702 1726 814 1788 decem
837 1724 947 1788 floreni
972 1726 1068 1789 dandi
1091 1738 1173 1790 sunt.
1197 1726 1269 1789 Misi
1291 1727 1348 1788 tibi
1371 1740 1540 1806 praeterea
1562 1728 1641 1789 cani-

189 1830 297 1893 culum
320 1850 452 1910 parvum
482 1832 545 1890 mei
569 1829 704 1892 Ptaczek
734 1850 791 1910 per
811 1829 942 1892 Annam
972 1833 1143 1912 coniugem
1177 1831 1408 1893 barbitonsoris
1431 1832 1495 1893 mei
1518 1851 1537 1893 e
1558 1830 1643 1893 Lito

189 1937 339 2009 mierzicz,
362 1936 416 1995 ubi
440 1953 523 2008 eum,
539 1934 671 2014 quando
694 1936 750 1997 tibi
773 1934 940 2009 videbitur,
955 1948 1099 2015 repetere
1122 1938 1250 2014 poteria.
1273 1935 1357 1997 Vale
1380 1937 1505 2016 optime
1527 1954 1644 2016 meque

191 2038 456 2102 commendatum
480 2038 571 2100 habe.
596 2037 706 2100 Budae
730 2039 780 2102 20.
804 2038 883 2100 Iunii
907 2057 994 2100 anno
1017 2035 1131 2101 Christi
1159 2039 1249 2104 1503.

279 2244 339 2297 List
364 2252 442 2297 tento
464 2242 519 2310 jest
544 2242 672 2296 uMitisa
695 2242 783 2297 urdite
808 2245 959 2312 aspravne
984 2244 1113 2297 datovitn.
1142 2245 1226 2297 Podle
1249 2243 1355 2298 obsahu
1377 2243 1445 2311 jeho
1468 2243 1592 2297 nezdalil
1614 2260 1645 2296 ae

191 2331 316 2401 poslednl
335 2332 431 2399 polrus,
449 2330 504 2398 aby
523 2330 709 2382 Bohuslavovi
729 2334 861 2397 opatieno
880 2331 945 2399 bylo
964 2331 1116 2399 bislrupstvi
1136 2332 1323 2385 Vratislavske
1336 2331 1391 2394 tak,
1405 2331 1437 2384 ie
1450 2331 1488 2399 by
1502 2330 1646 2398 lroadjutor

191 2421 264 2486 (cum
285 2418 342 2471 iure
361 2416 541 2470 succedendi)
561 2416 750 2485 Vratislavsky'
777 2418 826 2487 Jan
845 2417 936 2470 Turzo
960 2418 1056 2470 dosedl
1078 2435 1114 2470 na
1133 2419 1220 2471 stolec
1243 2417 1393 2487 biskupslri
1418 2435 1452 2470 ve
1471 2417 1644 2475 Wladislavi,

191 2507 273 2575 prave
298 2505 407 2558 tenkralt
432 2505 510 2556 smrtl
535 2503 651 2572 biskupa
677 2504 936 2557 Kuroszwanslreho
959 2505 983 2569 (l
1004 2503 1032 2572 Ἃ
1056 2503 1133 2570 lma)
1158 2504 1325 2572 uprdzneny'.
1348 2504 1390 2557 at
1414 2503 1508 2557 Turzo
1533 2504 1644 2557 ktomu

191 2593 322 2656 svoloval,
346 2592 428 2645 nedal
453 2608 483 2643 se
502 2592 596 2644 admer
621 2590 741 2659 provesti
760 2607 775 2643 z
794 2589 901 2658 pileiny
920 2607 937 2641 v
956 2591 1019 2643 listu
1048 2592 1183 2645 uvedene.
1213 2575 1252 2645 Ze
1276 2590 1344 2644 vsalr
1368 2589 1406 2659 by
1429 2590 1476 2660 byl
1502 2590 1646 2657 lroadjutor

191 2679 397 2746 wladislavsky
422 2678 548 2731 Vincenc
574 2677 744 2739 Przerebslri,
760 2676 806 2744 jak
826 2663 939 2731 Slechta
965 2678 1032 2745 pise,
1057 2677 1141 2731 ihned
1166 2695 1202 2747 po
1225 2678 1303 2731 smrti
1328 2677 1440 2731 starkho
1464 2677 1584 2746 bislrupa
1601 2693 1644 2729 na·

191 2766 300 2835 stoupil,
319 2766 385 2818 neni
404 2765 537 2833 spralvn03
557 2764 641 2817 neboi
659 2764 824 2832 nastoupeni
843 2764 925 2817 udalo
944 2781 973 2817 se
986 2773 1065 2832 teprv
1083 2766 1125 2816 ³29.
1144 2765 1198 2818 list.
1218 2763 1286 2816 1008
1302 2764 1409 2832 (Gams,
1428 2763 1523 2817 Series
1541 2763 1644 2832 episeo

192 2869 288 2921 porum
308 2852 428 2917 cathol).
441 2881 473 2890 -
488 2850 602 2903 Pllmel‘i
616 2868 629 2902 s
641 2850 735 2918 Turky
754 2854 893 2903 uzavieno
911 2851 1045 2904 skutedne
1064 2850 1096 2903 ai
1115 2850 1157 2905 20.
1170 2868 1261 2919 srpna,
1279 2852 1312 2904 ad
1326 2867 1363 2903 na
1381 2853 1478 2904 snemd
1497 2851 1642 2904 uhersktm
1698 2878 1716 2907 ,ι

190 2939 226 3008 jii
239 2940 315 2992 dilve
328 2947 487 3008 potvrzeno.
501 2967 533 2976 -
548 2937 637 2990 Bouie
656 2937 771 2999 slezske,
784 2954 801 2989 ο
814 2936 897 2990 nichl
916 2939 1001 2991 mluvl
1020 2926 1142 2999 Slechta,
1162 2938 1324 3007 zalehnany
1342 2945 1422 3006 teprv
1434 2938 1459 2991 3.
1473 2939 1563 2991 iinora
1581 2937 1644 2992 1504
1658 2944 1716 2994 :A

192 3035 212 3081 t.
231 3044 272 3080 zv.
290 3027 435 3079 smlouvou
455 3024 664 3077 Kolovratshou.
682 3025 813 3092 (Palacky
833 3024 864 3086 V,
883 3024 908 3087 2,
921 3025 974 3092 02.)
992 3026 1073 3093 Stry'c
1092 3025 1227 3093 (erbovnl)
1247 3011 1380 3079 blechtilv
1398 3042 1416 3077 v
1429 3025 1516 3078 Praze
1536 3024 1582 3093 byl
1595 3026 1716 3094 Janr

194 3114 336 3168 vltihrdlo
355 3130 387 3165 ze
411 3112 525 3165 Vdehrd.

887 3393 955 3456 105.

615 3550 833 3624 Bohuslav
855 3550 964 3642 Janu
994 3526 1220 3622 §lectitavi

281 3740 483 3807 (taos-150⁴.)
503 3740 574 3799 Phe,
587 3739 641 3808 aby
654 3756 700 3791 mu
714 3738 804 3791 hledel
823 3737 933 3806 opati‘iti
953 3736 1151 3805 ttyrsvazlovt
1170 3719 1331 3804 Zivotopisy
1350 3735 1538 3803 Plutarchovy
1556 3734 1716 3789 meleha

196 3845 228 3881 za
242 3828 293 3881 ndi
306 3827 352 3896 byl
367 3828 435 3895 kdys
449 3827 522 3879 lrrdle
536 3826 627 3894 prosil.
642 3809 717 3878 Zada
731 3843 762 3878 za
776 3824 838 3876 dissi
851 3825 953 3893 zprlrvy
967 3840 984 3875 o
996 3822 1111 3875 boulich
1125 3822 1291 3890 uherskych.
1304 3823 1394 3889 (Nova
1407 3822 1487 3890 epist.
1500 3840 1562 3889 app.
1573 3821 1697 3873 *20ὸῶ

279 4004 395 4086 Joanni
416 4002 580 4066 Sslechtae
603 4022 625 4062 s
642 4022 672 4080 p.
690 4002 719 4063 d.
745 4001 840 4063 Pctivi
864 4021 883 4061 a
905 3999 1005 4081 Regia
1028 3999 1195 4061 Maiestate
1212 3998 1304 4060 Vitas
1327 3998 1484 4061 Plutarchi
1508 4013 1716 4079 graecazsa

197 4120 336 4187 quatuor
351 4106 566 4168 voluminibus
582 4108 733 4167 inclusas:
757 4118 788 4166 ot
811 4107 964 4183 quoniam
989 4104 1065 4165 nihil
1080 4102 1254 4182 respondit,
1270 4114 1422 4184 negatum
1439 4103 1515 4164 mihi
1531 4106 1716 4181 putaviv.

196 4211 261 4275 Sed
285 4214 358 4290 quia
382 4211 586 4288 proverbium
614 4221 674 4271 est:
702 4227 831 4290 »regum
856 4219 980 4268 mentes
1011 4206 1103 4269 simul
1133 4224 1206 4267 cum
1229 4213 1303 4267 a'ere
1332 4209 1479 4279 mutari«,
1509 4224 1599 4287 rogo,
1620 4224 1657 4265 ε

197 4313 330 4396 quando
361 4317 422 4374 mei
453 4316 574 4375 mentio
605 4325 675 4375 orta
709 4312 808 4385 fuerit,
836 4331 876 4372 ue
910 4311 1071 4373 occasioni
1104 4309 1205 4371 desis:
1240 4309 1505 4390 quandoquidem
1536 4304 1716 4371 melani

196 4420 333 4480 arbitror
362 4417 477 4479 cadem
508 4417 668 4478 volumina
699 4416 785 4496 apud
816 4434 869 4476 me
899 4433 970 4475 esse
999 4433 1097 4494 quam
1128 4413 1187 4475 illic
1217 4413 1362 4493 squalere
1392 4415 1424 4476 in
1454 4414 1586 4494 pulvere
1614 4431 1665 4474 Β

198 4544 217 4584 a
243 4526 334 4586 tineis
361 4521 497 4584 corrodi.
536 4522 609 4582 lloc
632 4522 707 4582 mihi
731 4523 761 4581 iu
792 4521 970 4598 praesentia
1000 4518 1076 4579 nihil
1104 4520 1224 4600 gratius
1254 4517 1357 4580 lacere
1386 4527 1489 4597 potes.
1523 4513 1716 4597 Quodb

198 4630 268 4707 quis
284 4646 451 4705 procerum
468 4637 650 4686 nostrorum
674 4624 785 4686 Budae
805 4626 871 4696 erit,
887 4642 984 4702 quem
1008 4622 1082 4683 mihi
1102 4621 1246 4683 nonnihil
1268 4621 1421 4684 affectum
1442 4620 1716 4684 arbitrandi-1

198 4751 263 4792 non
287 4729 461 4792 absurdum
479 4730 620 4792 fortassis
635 4732 691 4791 erit
708 4732 774 4789 eius
798 4748 896 4808 opera
912 4729 973 4788 uti:
989 4726 1046 4787 sed
1062 4726 1141 4786 haec
1161 4727 1269 4785 omnia
1285 4735 1342 4786 tuo
1357 4723 1474 4786 iudicio
1497 4726 1614 4803 relinqu
1631 4736 1716 4781 m.

200 4835 261 4896 Hic
284 4835 436 4896 mirabilia
463 4833 504 4894 de
531 4835 672 4894 motibus
703 4832 884 4893 Pannoniae
908 4843 939 4891 et
962 4830 1148 4910 pontificum
1179 4847 1416 4909 procerumque
1445 4830 1716 4891 contentio-va

199 4939 360 5001 dicuntur:
396 4957 434 4999 ea
468 4958 581 5017 precor
612 4950 646 4998 ut
677 4935 719 4997 ad
755 4957 806 4997 me
837 4936 971 5008 scribas;
1003 4946 1035 4995 et
1069 4952 1153 5012 quae
1186 4934 1279 4994 celari
1309 4931 1453 5007 volueris,
1482 4932 1581 5005 facito,
1608 4948 1693 4999 τη

197 5062 402 5124 cognoscam,
431 5045 583 5121 quoniam
614 5043 734 5119 optima
769 5039 831 5100 fide
863 5039 1057 5107 celabuntur,
1081 5050 1139 5099 etc.
1164 5036 1253 5097 Vale.

285 5284 311 5348 ¹⁴³)
331 5281 406 5334 Mitis
425 5280 525 5348 vytiskl
542 5281 588 5347 jen
609 5282 642 5332 N.
