<?xml version="1.0" encoding="UTF-8"?>
<!DOCTYPE html PUBLIC "-//W3C//DTD XHTML 1.0 Transitional//EN"
    "http://www.w3.org/TR/xhtml1/DTD/xhtml1-transitional.dtd">
<html xmlns="http://www.w3.org/1999/xhtml" xml:lang="en" lang="en">
 <head>
  <title>
</title>
<meta http-equiv="Content-Type" content="text/html;charset=utf-8" />
  <meta name='ocr-system' content='tesseract 3.04.00' />
  <meta name='ocr-capabilities' content='ocr_page ocr_carea ocr_par ocr_line ocrx_word'/>
</head>
<body>
  <div class='ocr_page' id='page_1' title='image "./listbohuslavaha00truhgoog_0065.png"; bbox 0 0 3660 5850; ppageno 0'>
   <div class='ocr_carea' id='block_1_1' title="bbox 183 345 955 406">
    <p class='ocr_par' dir='ltr' id='par_1_1' title="bbox 183 345 955 406">
     <span class='ocr_line' id='line_1_1' title="bbox 183 345 955 406; baseline 0.001 -4"><span class='ocrx_word' id='word_1_1' title='bbox 183 349 218 402; x_wconf 80' lang='lat'>42</span> <span class='ocrx_word' id='word_1_2' title='bbox 864 345 955 406; x_wconf 82' lang='lat'><strong>1493.</strong></span> 
     </span>
    </p>
   </div>
   <div class='ocr_carea' id='block_1_2' title="bbox 184 558 1641 2418">
    <p class='ocr_par' dir='ltr' id='par_1_2' title="bbox 184 558 1641 2418">
     <span class='ocr_line' id='line_1_2' title="bbox 185 558 1635 645; baseline -0.002 -20"><span class='ocrx_word' id='word_1_3' title='bbox 185 583 248 644; x_wconf 93' lang='lat' dir='ltr'>que</span> <span class='ocrx_word' id='word_1_4' title='bbox 283 563 423 642; x_wconf 86' lang='lat' dir='ltr'>principe</span> <span class='ocrx_word' id='word_1_5' title='bbox 452 573 542 624; x_wconf 88' lang='lat' dir='ltr'>tanto</span> <span class='ocrx_word' id='word_1_6' title='bbox 572 560 696 622; x_wconf 87' lang='lat' dir='ltr'>honore</span> <span class='ocrx_word' id='word_1_7' title='bbox 726 560 841 645; x_wconf 83' lang='lat' dir='ltr'>dignus</span> <span class='ocrx_word' id='word_1_8' title='bbox 871 562 1071 623; x_wconf 81' lang='lat' dir='ltr'>existimatus</span> <span class='ocrx_word' id='word_1_9' title='bbox 1100 579 1180 621; x_wconf 91' lang='lat' dir='ltr'>sum.</span> <span class='ocrx_word' id='word_1_10' title='bbox 1227 558 1272 623; x_wconf 91' lang='lat' dir='ltr'>Ut</span> <span class='ocrx_word' id='word_1_11' title='bbox 1300 560 1418 641; x_wconf 79' lang='lat' dir='ltr'><strong>gratias</strong></span> <span class='ocrx_word' id='word_1_12' title='bbox 1447 579 1544 644; x_wconf 84' lang='lat' dir='ltr'>agam</span> <span class='ocrx_word' id='word_1_13' title='bbox 1574 559 1635 623; x_wconf 92' lang='lat' dir='ltr'>hoc</span> 
     </span>
     <span class='ocr_line' id='line_1_3' title="bbox 185 664 1636 746; baseline -0.001 -17"><span class='ocrx_word' id='word_1_14' title='bbox 185 679 338 746; x_wconf 91' lang='lat' dir='ltr'>tempore,</span> <span class='ocrx_word' id='word_1_15' title='bbox 366 685 407 727; x_wconf 93' lang='lat' dir='ltr'>ne</span> <span class='ocrx_word' id='word_1_16' title='bbox 437 675 593 728; x_wconf 91' lang='lat' dir='ltr'>attentare</span> <span class='ocrx_word' id='word_1_17' title='bbox 625 664 755 746; x_wconf 93' lang='lat' dir='ltr'>quidem</span> <span class='ocrx_word' id='word_1_18' title='bbox 786 664 900 739; x_wconf 84' lang='lat' dir='ltr'>audeo,</span> <span class='ocrx_word' id='word_1_19' title='bbox 930 667 1084 746; x_wconf 90' lang='lat' dir='ltr'>quoniam</span> <span class='ocrx_word' id='word_1_20' title='bbox 1113 666 1196 726; x_wconf 91' lang='lat' dir='ltr'>vires</span> <span class='ocrx_word' id='word_1_21' title='bbox 1223 666 1285 725; x_wconf 94' lang='lat' dir='ltr'>mei</span> <span class='ocrx_word' id='word_1_22' title='bbox 1317 667 1433 746; x_wconf 83' lang='lat' dir='ltr'>ingenii</span> <span class='ocrx_word' id='word_1_23' title='bbox 1456 664 1519 727; x_wconf 90' lang='lat' dir='ltr'>sub</span> <span class='ocrx_word' id='word_1_24' title='bbox 1547 676 1636 728; x_wconf 89' lang='lat' dir='ltr'>tanta</span> 
     </span>
     <span class='ocr_line' id='line_1_4' title="bbox 184 768 1635 852; baseline -0.003 -18"><span class='ocrx_word' id='word_1_25' title='bbox 184 773 308 834; x_wconf 87' lang='lat' dir='ltr'>sarcina</span> <span class='ocrx_word' id='word_1_26' title='bbox 331 772 457 849; x_wconf 91' lang='lat' dir='ltr'>penitus</span> <span class='ocrx_word' id='word_1_27' title='bbox 486 769 647 833; x_wconf 83' lang='lat' dir='ltr'>deficiunt.</span> <span class='ocrx_word' id='word_1_28' title='bbox 685 769 833 834; x_wconf 79' lang='lat' dir='ltr'>Forsitan</span> <span class='ocrx_word' id='word_1_29' title='bbox 856 771 952 830; x_wconf 92' lang='lat' dir='ltr'>etiam</span> <span class='ocrx_word' id='word_1_30' title='bbox 982 770 1041 831; x_wconf 91' lang='lat' dir='ltr'>ista</span> <span class='ocrx_word' id='word_1_31' title='bbox 1068 768 1181 830; x_wconf 92' lang='lat' dir='ltr'>melius</span> <span class='ocrx_word' id='word_1_32' title='bbox 1208 786 1318 830; x_wconf 92' lang='lat' dir='ltr'>coram</span> <span class='ocrx_word' id='word_1_33' title='bbox 1348 770 1399 852; x_wconf 86' lang='lat' dir='ltr'>agi</span> <span class='ocrx_word' id='word_1_34' title='bbox 1427 780 1588 849; x_wconf 89' lang='lat' dir='ltr'>poterunt,</span> <span class='ocrx_word' id='word_1_35' title='bbox 1610 771 1635 829; x_wconf 93' lang='lat' dir='ltr'>si</span> 
     </span>
     <span class='ocr_line' id='line_1_5' title="bbox 184 872 1637 958; baseline -0.001 -20"><span class='ocrx_word' id='word_1_36' title='bbox 184 874 316 957; x_wconf 91' lang='lat' dir='ltr'>quando</span> <span class='ocrx_word' id='word_1_37' title='bbox 339 874 560 938; x_wconf 86' lang='lat' dir='ltr'>celsitudinem</span> <span class='ocrx_word' id='word_1_38' title='bbox 583 877 703 958; x_wconf 83' lang='lat' dir='ltr'>regiam</span> <span class='ocrx_word' id='word_1_39' title='bbox 726 886 781 938; x_wconf 90' lang='lat' dir='ltr'>aut</span> <span class='ocrx_word' id='word_1_40' title='bbox 796 877 935 956; x_wconf 90' lang='lat' dir='ltr'>privatus</span> <span class='ocrx_word' id='word_1_41' title='bbox 958 884 1013 935; x_wconf 93' lang='lat' dir='ltr'>aut</span> <span class='ocrx_word' id='word_1_42' title='bbox 1028 875 1197 955; x_wconf 91' lang='lat' dir='ltr'>episcopus</span> <span class='ocrx_word' id='word_1_43' title='bbox 1217 891 1390 935; x_wconf 85' lang='lat' dir='ltr'>accessero.</span> <span class='ocrx_word' id='word_1_44' title='bbox 1416 872 1546 936; x_wconf 90' lang='lat' dir='ltr'>Interim</span> <span class='ocrx_word' id='word_1_45' title='bbox 1561 892 1637 936; x_wconf 90' lang='lat' dir='ltr'>vero</span> 
     </span>
     <span class='ocr_line' id='line_1_6' title="bbox 185 979 1637 1060; baseline -0.001 -19"><span class='ocrx_word' id='word_1_46' title='bbox 185 990 220 1043; x_wconf 90' lang='lat' dir='ltr'>tu</span> <span class='ocrx_word' id='word_1_47' title='bbox 243 990 345 1043; x_wconf 86' lang='lat' dir='ltr'>totam</span> <span class='ocrx_word' id='word_1_48' title='bbox 368 979 450 1041; x_wconf 91' lang='lat' dir='ltr'>hanc</span> <span class='ocrx_word' id='word_1_49' title='bbox 473 981 666 1060; x_wconf 89' lang='lat' dir='ltr'>provinciam</span> <span class='ocrx_word' id='word_1_50' title='bbox 699 982 856 1042; x_wconf 89' lang='lat' dir='ltr'>sustineas</span> <span class='ocrx_word' id='word_1_51' title='bbox 879 988 1017 1058; x_wconf 87' lang='lat' dir='ltr'>oportet,</span> <span class='ocrx_word' id='word_1_52' title='bbox 1041 990 1075 1040; x_wconf 91' lang='lat' dir='ltr'>tu</span> <span class='ocrx_word' id='word_1_53' title='bbox 1099 980 1231 1058; x_wconf 90' lang='lat' dir='ltr'>inquam</span> <span class='ocrx_word' id='word_1_54' title='bbox 1261 979 1465 1058; x_wconf 84' lang='lat' dir='ltr'>negotiorum</span> <span class='ocrx_word' id='word_1_55' title='bbox 1490 996 1637 1040; x_wconf 91' lang='lat' dir='ltr'>meorum</span> 
     </span>
     <span class='ocr_line' id='line_1_7' title="bbox 185 1081 1637 1168; baseline -0.003 -21"><span class='ocrx_word' id='word_1_56' title='bbox 185 1096 293 1168; x_wconf 84' lang='lat' dir='ltr'>gestor</span> <span class='ocrx_word' id='word_1_57' title='bbox 315 1086 365 1144; x_wconf 88' lang='lat' dir='ltr'>sis.</span> <span class='ocrx_word' id='word_1_58' title='bbox 390 1084 456 1145; x_wconf 92' lang='lat' dir='ltr'>lam</span> <span class='ocrx_word' id='word_1_59' title='bbox 480 1086 564 1145; x_wconf 90' lang='lat' dir='ltr'>enim</span> <span class='ocrx_word' id='word_1_60' title='bbox 588 1083 665 1144; x_wconf 91' lang='lat' dir='ltr'>mihi</span> <span class='ocrx_word' id='word_1_61' title='bbox 695 1094 820 1146; x_wconf 90' lang='lat' dir='ltr'>tantum</span> <span class='ocrx_word' id='word_1_62' title='bbox 843 1084 884 1145; x_wconf 91' lang='lat' dir='ltr'>ab</span> <span class='ocrx_word' id='word_1_63' title='bbox 908 1082 1106 1145; x_wconf 87' lang='lat' dir='ltr'>humanitate</span> <span class='ocrx_word' id='word_1_64' title='bbox 1133 1093 1188 1144; x_wconf 92' lang='lat' dir='ltr'>tua</span> <span class='ocrx_word' id='word_1_65' title='bbox 1211 1093 1405 1160; x_wconf 90' lang='lat' dir='ltr'>provocatus</span> <span class='ocrx_word' id='word_1_66' title='bbox 1434 1081 1580 1155; x_wconf 91' lang='lat' dir='ltr'>vendico,</span> <span class='ocrx_word' id='word_1_67' title='bbox 1602 1092 1637 1145; x_wconf 94' lang='lat' dir='ltr'>ut</span> 
     </span>
     <span class='ocr_line' id='line_1_8' title="bbox 187 1185 1637 1271; baseline -0.002 -20"><span class='ocrx_word' id='word_1_68' title='bbox 187 1209 271 1271; x_wconf 91' lang='lat' dir='ltr'>quae</span> <span class='ocrx_word' id='word_1_69' title='bbox 295 1199 390 1250; x_wconf 91' lang='lat' dir='ltr'>antea</span> <span class='ocrx_word' id='word_1_70' title='bbox 413 1197 521 1268; x_wconf 91' lang='lat' dir='ltr'>petere</span> <span class='ocrx_word' id='word_1_71' title='bbox 545 1189 705 1261; x_wconf 87' lang='lat' dir='ltr'>consuevi,</span> <span class='ocrx_word' id='word_1_72' title='bbox 727 1207 811 1251; x_wconf 90' lang='lat' dir='ltr'>nunc</span> <span class='ocrx_word' id='word_1_73' title='bbox 834 1190 900 1250; x_wconf 90' lang='lat' dir='ltr'>iure</span> <span class='ocrx_word' id='word_1_74' title='bbox 917 1206 992 1250; x_wconf 89' lang='lat' dir='ltr'>meo</span> <span class='ocrx_word' id='word_1_75' title='bbox 1008 1185 1257 1268; x_wconf 91' lang='lat' dir='ltr'>quodammodo</span> <span class='ocrx_word' id='word_1_76' title='bbox 1273 1189 1410 1270; x_wconf 86' lang='lat' dir='ltr'>exigam.</span> <span class='ocrx_word' id='word_1_77' title='bbox 1434 1186 1550 1265; x_wconf 80' lang='lat' dir='ltr'>Questi</span> <span class='ocrx_word' id='word_1_78' title='bbox 1564 1196 1637 1250; x_wconf 89' lang='lat' dir='ltr'>suut</span> 
     </span>
     <span class='ocr_line' id='line_1_9' title="bbox 186 1290 1638 1375; baseline -0.001 -20"><span class='ocrx_word' id='word_1_79' title='bbox 186 1296 282 1357; x_wconf 86' lang='lat' dir='ltr'>etiarn</span> <span class='ocrx_word' id='word_1_80' title='bbox 316 1292 402 1374; x_wconf 92' lang='lat' dir='ltr'>apud</span> <span class='ocrx_word' id='word_1_81' title='bbox 433 1311 485 1354; x_wconf 93' lang='lat' dir='ltr'>me</span> <span class='ocrx_word' id='word_1_82' title='bbox 516 1304 622 1371; x_wconf 90' lang='lat' dir='ltr'>patres</span> <span class='ocrx_word' id='word_1_83' title='bbox 656 1290 890 1355; x_wconf 89' lang='lat' dir='ltr'>Olomucenses</span> <span class='ocrx_word' id='word_1_84' title='bbox 913 1291 1047 1375; x_wconf 87' lang='lat' dir='ltr'>Regiam</span> <span class='ocrx_word' id='word_1_85' title='bbox 1078 1290 1334 1353; x_wconf 75' lang='lat' dir='ltr'>praecellentiam</span> <span class='ocrx_word' id='word_1_86' title='bbox 1367 1293 1529 1354; x_wconf 90' lang='lat' dir='ltr'>remissius</span> <span class='ocrx_word' id='word_1_87' title='bbox 1560 1292 1638 1354; x_wconf 91' lang='lat' dir='ltr'>haec</span> 
     </span>
     <span class='ocr_line' id='line_1_10' title="bbox 185 1395 1638 1479; baseline -0.001 -19"><span class='ocrx_word' id='word_1_88' title='bbox 185 1416 304 1472; x_wconf 90' lang='lat' dir='ltr'>curare,</span> <span class='ocrx_word' id='word_1_89' title='bbox 327 1416 425 1478; x_wconf 91' lang='lat' dir='ltr'>quam</span> <span class='ocrx_word' id='word_1_90' title='bbox 448 1416 497 1458; x_wconf 92' lang='lat' dir='ltr'>res</span> <span class='ocrx_word' id='word_1_91' title='bbox 513 1405 678 1476; x_wconf 84' lang='lat' dir='ltr'>exposcat,</span> <span class='ocrx_word' id='word_1_92' title='bbox 702 1405 799 1477; x_wconf 91' lang='lat' dir='ltr'>atque</span> <span class='ocrx_word' id='word_1_93' title='bbox 815 1396 859 1459; x_wconf 93' lang='lat' dir='ltr'>ob</span> <span class='ocrx_word' id='word_1_94' title='bbox 880 1395 912 1457; x_wconf 95' lang='lat' dir='ltr'>id</span> <span class='ocrx_word' id='word_1_95' title='bbox 928 1398 1092 1479; x_wconf 82' lang='lat' dir='ltr'>negotium</span> <span class='ocrx_word' id='word_1_96' title='bbox 1115 1395 1157 1457; x_wconf 95' lang='lat' dir='ltr'>de</span> <span class='ocrx_word' id='word_1_97' title='bbox 1172 1395 1225 1456; x_wconf 92' lang='lat' dir='ltr'>die</span> <span class='ocrx_word' id='word_1_98' title='bbox 1247 1398 1278 1457; x_wconf 93' lang='lat' dir='ltr'>in</span> <span class='ocrx_word' id='word_1_99' title='bbox 1294 1396 1379 1458; x_wconf 93' lang='lat' dir='ltr'>diem</span> <span class='ocrx_word' id='word_1_100' title='bbox 1404 1395 1533 1469; x_wconf 80' lang='lat' dir='ltr'>differri,</span> <span class='ocrx_word' id='word_1_101' title='bbox 1549 1396 1638 1478; x_wconf 92' lang='lat' dir='ltr'>quod</span> 
     </span>
     <span class='ocr_line' id='line_1_11' title="bbox 187 1499 1638 1582; baseline 0 -19"><span class='ocrx_word' id='word_1_102' title='bbox 187 1512 303 1574; x_wconf 90' lang='lat' dir='ltr'>tamen,</span> <span class='ocrx_word' id='word_1_103' title='bbox 326 1503 351 1561; x_wconf 92' lang='lat' dir='ltr'>si</span> <span class='ocrx_word' id='word_1_104' title='bbox 374 1501 539 1582; x_wconf 91' lang='lat' dir='ltr'>paululum</span> <span class='ocrx_word' id='word_1_105' title='bbox 562 1502 764 1573; x_wconf 89' lang='lat' dir='ltr'>anniteretur,</span> <span class='ocrx_word' id='word_1_106' title='bbox 787 1500 977 1580; x_wconf 89' lang='lat' dir='ltr'>propediem</span> <span class='ocrx_word' id='word_1_107' title='bbox 999 1499 1095 1562; x_wconf 89' lang='lat' dir='ltr'>linem</span> <span class='ocrx_word' id='word_1_108' title='bbox 1119 1499 1301 1563; x_wconf 90' lang='lat' dir='ltr'>habiturum</span> <span class='ocrx_word' id='word_1_109' title='bbox 1326 1511 1417 1562; x_wconf 84' lang='lat' dir='ltr'>esset.</span> <span class='ocrx_word' id='word_1_110' title='bbox 1443 1500 1477 1561; x_wconf 94' lang='lat' dir='ltr'>ld</span> <span class='ocrx_word' id='word_1_111' title='bbox 1493 1503 1548 1562; x_wconf 86' lang='lat' dir='ltr'>rix</span> <span class='ocrx_word' id='word_1_112' title='bbox 1564 1502 1638 1563; x_wconf 91' lang='lat' dir='ltr'>mihi</span> 
     </span>
     <span class='ocr_line' id='line_1_12' title="bbox 187 1603 1639 1686; baseline -0.001 -19"><span class='ocrx_word' id='word_1_113' title='bbox 187 1605 370 1686; x_wconf 86' lang='lat' dir='ltr'>persuaderi</span> <span class='ocrx_word' id='word_1_114' title='bbox 388 1615 510 1684; x_wconf 91' lang='lat' dir='ltr'>potest:</span> <span class='ocrx_word' id='word_1_115' title='bbox 534 1607 560 1667; x_wconf 91' lang='lat' dir='ltr'>si</span> <span class='ocrx_word' id='word_1_116' title='bbox 575 1603 652 1685; x_wconf 92' lang='lat' dir='ltr'>quid</span> <span class='ocrx_word' id='word_1_117' title='bbox 669 1616 777 1666; x_wconf 90' lang='lat' dir='ltr'>tamen</span> <span class='ocrx_word' id='word_1_118' title='bbox 793 1604 975 1667; x_wconf 90' lang='lat' dir='ltr'>huiusmodi</span> <span class='ocrx_word' id='word_1_119' title='bbox 992 1607 1039 1679; x_wconf 91' lang='lat' dir='ltr'>sit,</span> <span class='ocrx_word' id='word_1_120' title='bbox 1055 1616 1087 1668; x_wconf 92' lang='lat' dir='ltr'>te</span> <span class='ocrx_word' id='word_1_121' title='bbox 1103 1624 1223 1685; x_wconf 89' lang='lat' dir='ltr'>precor,</span> <span class='ocrx_word' id='word_1_122' title='bbox 1246 1617 1280 1667; x_wconf 92' lang='lat' dir='ltr'>ut</span> <span class='ocrx_word' id='word_1_123' title='bbox 1297 1624 1361 1666; x_wconf 92' lang='lat' dir='ltr'>non</span> <span class='ocrx_word' id='word_1_124' title='bbox 1378 1605 1485 1667; x_wconf 91' lang='lat' dir='ltr'>solum</span> <span class='ocrx_word' id='word_1_125' title='bbox 1501 1606 1639 1668; x_wconf 84' lang='lat' dir='ltr'>authori-</span> 
     </span>
     <span class='ocr_line' id='line_1_13' title="bbox 187 1708 1639 1789; baseline 0 -16"><span class='ocrx_word' id='word_1_126' title='bbox 187 1721 286 1773; x_wconf 87' lang='lat' dir='ltr'>tatem</span> <span class='ocrx_word' id='word_1_127' title='bbox 311 1709 368 1771; x_wconf 92' lang='lat' dir='ltr'>sed</span> <span class='ocrx_word' id='word_1_128' title='bbox 392 1711 488 1772; x_wconf 88' lang='lat' dir='ltr'>etiam</span> <span class='ocrx_word' id='word_1_129' title='bbox 511 1709 654 1772; x_wconf 90' lang='lat' dir='ltr'>studium</span> <span class='ocrx_word' id='word_1_130' title='bbox 677 1720 767 1771; x_wconf 92' lang='lat' dir='ltr'>tuum</span> <span class='ocrx_word' id='word_1_131' title='bbox 798 1708 1051 1789; x_wconf 90' lang='lat' dir='ltr'>industriamque</span> <span class='ocrx_word' id='word_1_132' title='bbox 1074 1711 1265 1789; x_wconf 88' lang='lat' dir='ltr'>interponas.</span> <span class='ocrx_word' id='word_1_133' title='bbox 1304 1708 1387 1771; x_wconf 90' lang='lat' dir='ltr'>Nam</span> <span class='ocrx_word' id='word_1_134' title='bbox 1411 1713 1465 1789; x_wconf 93' lang='lat' dir='ltr'>qui</span> <span class='ocrx_word' id='word_1_135' title='bbox 1489 1713 1577 1789; x_wconf 92' lang='lat' dir='ltr'>prius</span> <span class='ocrx_word' id='word_1_136' title='bbox 1598 1712 1639 1773; x_wconf 90' lang='lat' dir='ltr'>ab</span> 
     </span>
     <span class='ocr_line' id='line_1_14' title="bbox 187 1813 1640 1895; baseline -0.001 -18"><span class='ocrx_word' id='word_1_137' title='bbox 187 1816 362 1877; x_wconf 89' lang='lat' dir='ltr'>ambitione</span> <span class='ocrx_word' id='word_1_138' title='bbox 384 1813 588 1877; x_wconf 89' lang='lat' dir='ltr'>vehementer</span> <span class='ocrx_word' id='word_1_139' title='bbox 609 1813 768 1888; x_wconf 88' lang='lat' dir='ltr'>abhorrui,</span> <span class='ocrx_word' id='word_1_140' title='bbox 792 1833 877 1876; x_wconf 91' lang='lat' dir='ltr'>nunc</span> <span class='ocrx_word' id='word_1_141' title='bbox 900 1813 1025 1876; x_wconf 92' lang='lat' dir='ltr'>illorum</span> <span class='ocrx_word' id='word_1_142' title='bbox 1049 1815 1196 1894; x_wconf 91' lang='lat' dir='ltr'>precibus</span> <span class='ocrx_word' id='word_1_143' title='bbox 1227 1814 1381 1895; x_wconf 91' lang='lat' dir='ltr'>impulsus</span> <span class='ocrx_word' id='word_1_144' title='bbox 1409 1813 1496 1895; x_wconf 89' lang='lat' dir='ltr'>apud</span> <span class='ocrx_word' id='word_1_145' title='bbox 1521 1826 1553 1877; x_wconf 94' lang='lat' dir='ltr'>te</span> <span class='ocrx_word' id='word_1_146' title='bbox 1575 1833 1640 1876; x_wconf 93' lang='lat' dir='ltr'>am-</span> 
     </span>
     <span class='ocr_line' id='line_1_15' title="bbox 188 1915 1640 2002; baseline -0.001 -21"><span class='ocrx_word' id='word_1_147' title='bbox 188 1920 255 1981; x_wconf 90' lang='lat' dir='ltr'>bire</span> <span class='ocrx_word' id='word_1_148' title='bbox 277 1925 385 2002; x_wconf 85' lang='lat' dir='ltr'>cogor.</span> <span class='ocrx_word' id='word_1_149' title='bbox 408 1915 613 1981; x_wconf 87' lang='lat' dir='ltr'>Commendo</span> <span class='ocrx_word' id='word_1_150' title='bbox 636 1918 692 1979; x_wconf 92' lang='lat' dir='ltr'>tibi</span> <span class='ocrx_word' id='word_1_151' title='bbox 715 1929 878 1997; x_wconf 90' lang='lat' dir='ltr'>praeterea</span> <span class='ocrx_word' id='word_1_152' title='bbox 892 1917 1064 1999; x_wconf 90' lang='lat' dir='ltr'>plurimum</span> <span class='ocrx_word' id='word_1_153' title='bbox 1085 1928 1283 1980; x_wconf 89' lang='lat' dir='ltr'>memoratos</span> <span class='ocrx_word' id='word_1_154' title='bbox 1297 1929 1419 1998; x_wconf 88' lang='lat' dir='ltr'>patres:</span> <span class='ocrx_word' id='word_1_155' title='bbox 1443 1921 1542 1981; x_wconf 89' lang='lat' dir='ltr'>acturi</span> <span class='ocrx_word' id='word_1_156' title='bbox 1566 1929 1640 1980; x_wconf 90' lang='lat' dir='ltr'>sunt</span> 
     </span>
     <span class='ocr_line' id='line_1_16' title="bbox 188 2021 1641 2103; baseline -0.003 -16"><span class='ocrx_word' id='word_1_157' title='bbox 188 2027 274 2087; x_wconf 91' lang='lat' dir='ltr'>enim</span> <span class='ocrx_word' id='word_1_158' title='bbox 296 2042 426 2086; x_wconf 89' lang='lat' dir='ltr'>causam</span> <span class='ocrx_word' id='word_1_159' title='bbox 449 2022 600 2086; x_wconf 89' lang='lat' dir='ltr'>ecclesiae</span> <span class='ocrx_word' id='word_1_160' title='bbox 622 2041 700 2085; x_wconf 91' lang='lat' dir='ltr'>suae</span> <span class='ocrx_word' id='word_1_161' title='bbox 723 2024 754 2083; x_wconf 95' lang='lat' dir='ltr'>in</span> <span class='ocrx_word' id='word_1_162' title='bbox 776 2021 894 2084; x_wconf 90' lang='lat' dir='ltr'>iudicio</span> <span class='ocrx_word' id='word_1_163' title='bbox 917 2021 1059 2103; x_wconf 84' lang='lat' dir='ltr'>publico:</span> <span class='ocrx_word' id='word_1_164' title='bbox 1084 2023 1149 2083; x_wconf 91' lang='lat' dir='ltr'>sive</span> <span class='ocrx_word' id='word_1_165' title='bbox 1171 2032 1278 2084; x_wconf 87' lang='lat' dir='ltr'>autem</span> <span class='ocrx_word' id='word_1_166' title='bbox 1302 2022 1362 2084; x_wconf 91' lang='lat' dir='ltr'>hae</span> <span class='ocrx_word' id='word_1_167' title='bbox 1385 2041 1435 2084; x_wconf 89' lang='lat' dir='ltr'>res</span> <span class='ocrx_word' id='word_1_168' title='bbox 1457 2022 1641 2103; x_wconf 88' lang='lat' dir='ltr'>procedent,</span> 
     </span>
     <span class='ocr_line' id='line_1_17' title="bbox 189 2127 1640 2209; baseline -0.003 -17"><span class='ocrx_word' id='word_1_169' title='bbox 189 2131 254 2192; x_wconf 89' lang='lat' dir='ltr'>sive</span> <span class='ocrx_word' id='word_1_170' title='bbox 269 2127 400 2191; x_wconf 79' lang='lat' dir='ltr'>forsitan</span> <span class='ocrx_word' id='word_1_171' title='bbox 416 2127 502 2190; x_wconf 94' lang='lat' dir='ltr'>aliud</span> <span class='ocrx_word' id='word_1_172' title='bbox 519 2129 683 2209; x_wconf 89' lang='lat' dir='ltr'>quippiam</span> <span class='ocrx_word' id='word_1_173' title='bbox 703 2138 828 2206; x_wconf 90' lang='lat' dir='ltr'>praeter</span> <span class='ocrx_word' id='word_1_174' title='bbox 844 2128 1036 2189; x_wconf 89' lang='lat' dir='ltr'>sententiam</span> <span class='ocrx_word' id='word_1_175' title='bbox 1059 2128 1191 2199; x_wconf 89' lang='lat' dir='ltr'>eveniet,</span> <span class='ocrx_word' id='word_1_176' title='bbox 1207 2145 1274 2188; x_wconf 93' lang='lat' dir='ltr'>non</span> <span class='ocrx_word' id='word_1_177' title='bbox 1297 2128 1354 2189; x_wconf 92' lang='lat' dir='ltr'>erit</span> <span class='ocrx_word' id='word_1_178' title='bbox 1369 2137 1479 2188; x_wconf 89' lang='lat' dir='ltr'>tamen</span> <span class='ocrx_word' id='word_1_179' title='bbox 1502 2127 1640 2189; x_wconf 90' lang='lat' dir='ltr'>alienum</span> 
     </span>
     <span class='ocr_line' id='line_1_18' title="bbox 189 2211 1641 2316; baseline -0.003 -21"><span class='ocrx_word' id='word_1_180' title='bbox 189 2233 383 2316; x_wconf 85' lang='lat' dir='ltr'>adignitate</span> <span class='ocrx_word' id='word_1_181' title='bbox 406 2244 461 2294; x_wconf 90' lang='lat' dir='ltr'>tua</span> <span class='ocrx_word' id='word_1_182' title='bbox 495 2234 562 2294; x_wconf 90' lang='lat' dir='ltr'>iura</span> <span class='ocrx_word' id='word_1_183' title='bbox 592 2211 874 2310; x_wconf 70' lang='lat' dir='ltr'>immunira&#39;tesque</span> <span class='ocrx_word' id='word_1_184' title='bbox 907 2230 1135 2293; x_wconf 80' lang='lat' dir='ltr'>ecclesiasticas</span> <span class='ocrx_word' id='word_1_185' title='bbox 1157 2241 1213 2292; x_wconf 91' lang='lat' dir='ltr'>tua</span> <span class='ocrx_word' id='word_1_186' title='bbox 1246 2251 1345 2310; x_wconf 91' lang='lat' dir='ltr'>opera</span> <span class='ocrx_word' id='word_1_187' title='bbox 1380 2232 1411 2291; x_wconf 91' lang='lat' dir='ltr'>in</span> <span class='ocrx_word' id='word_1_188' title='bbox 1435 2250 1495 2292; x_wconf 92' lang='lat' dir='ltr'>suo</span> <span class='ocrx_word' id='word_1_189' title='bbox 1525 2232 1641 2292; x_wconf 90' lang='lat' dir='ltr'>robore</span> 
     </span>
     <span class='ocr_line' id='line_1_19' title="bbox 189 2336 498 2418; baseline -0.006 -18"><span class='ocrx_word' id='word_1_190' title='bbox 189 2356 384 2418; x_wconf 89' lang='lat' dir='ltr'>permanere.</span> <span class='ocrx_word' id='word_1_191' title='bbox 407 2336 498 2399; x_wconf 91' lang='lat' dir='ltr'>Vale.</span> 
     </span>
    </p>
   </div>
   <div class='ocr_carea' id='block_1_3' title="bbox 189 2543 1651 4893">
    <p class='ocr_par' dir='ltr' id='par_1_3' title="bbox 189 2543 1651 4893">
     <span class='ocr_line' id='line_1_20' title="bbox 276 2543 1641 2629; baseline 0 -16"><span class='ocrx_word' id='word_1_192' title='bbox 276 2559 327 2614; x_wconf 83' lang='lat' dir='ltr'>Viz</span> <span class='ocrx_word' id='word_1_193' title='bbox 345 2559 502 2628; x_wconf 69' lang='lat' dir='ltr'>pozndmku</span> <span class='ocrx_word' id='word_1_194' title='bbox 520 2558 614 2612; x_wconf 89' lang='lat' dir='ltr'>klistu</span> <span class='ocrx_word' id='word_1_195' title='bbox 632 2558 674 2610; x_wconf 63' lang='lat' dir='ltr'>&#39;est</span> <span class='ocrx_word' id='word_1_196' title='bbox 701 2543 738 2611; x_wconf 70' lang='lat' dir='ltr'>Ze</span> <span class='ocrx_word' id='word_1_197' title='bbox 758 2560 835 2611; x_wconf 85' lang='lat' dir='ltr'>slova</span> <span class='ocrx_word' id='word_1_198' title='bbox 854 2558 918 2612; x_wconf 90' lang='lat' dir='ltr'>listu</span> <span class='ocrx_word' id='word_1_199' title='bbox 939 2559 1048 2612; x_wconf 65' lang='lat' dir='ltr'>’multis</span> <span class='ocrx_word' id='word_1_200' title='bbox 1067 2559 1141 2611; x_wconf 91' lang='lat' dir='ltr'>enim</span> <span class='ocrx_word' id='word_1_201' title='bbox 1161 2559 1216 2612; x_wconf 90' lang='lat' dir='ltr'>iam</span> <span class='ocrx_word' id='word_1_202' title='bbox 1235 2558 1347 2612; x_wconf 88' lang='lat' dir='ltr'>indiciis</span> <span class='ocrx_word' id='word_1_203' title='bbox 1366 2559 1486 2627; x_wconf 83' lang='lat' dir='ltr'>cognovi</span> <span class='ocrx_word' id='word_1_204' title='bbox 1505 2560 1641 2629; x_wconf 91' lang='lat' dir='ltr'>optimum</span> 
     </span>
     <span class='ocr_line' id='line_1_21' title="bbox 191 2645 1642 2714; baseline 0.001 -15"><span class='ocrx_word' id='word_1_205' title='bbox 191 2647 251 2700; x_wconf 90' lang='lat' dir='ltr'>eius</span> <span class='ocrx_word' id='word_1_206' title='bbox 269 2645 353 2714; x_wconf 84' lang='lat' dir='ltr'>(regis</span> <span class='ocrx_word' id='word_1_207' title='bbox 371 2645 514 2711; x_wconf 74' lang='lat' dir='ltr'>l&#39;ladislai)</span> <span class='ocrx_word' id='word_1_208' title='bbox 534 2646 561 2698; x_wconf 92' lang='lat' dir='ltr'>in</span> <span class='ocrx_word' id='word_1_209' title='bbox 575 2663 619 2698; x_wconf 90' lang='lat' dir='ltr'>me</span> <span class='ocrx_word' id='word_1_210' title='bbox 633 2645 767 2707; x_wconf 89' lang='lat' dir='ltr'>animum,</span> <span class='ocrx_word' id='word_1_211' title='bbox 786 2662 849 2697; x_wconf 91' lang='lat' dir='ltr'>nam</span> <span class='ocrx_word' id='word_1_212' title='bbox 869 2653 897 2698; x_wconf 91' lang='lat' dir='ltr'>et</span> <span class='ocrx_word' id='word_1_213' title='bbox 909 2645 1053 2699; x_wconf 85' lang='lat' dir='ltr'>absentem</span> <span class='ocrx_word' id='word_1_214' title='bbox 1074 2647 1102 2698; x_wconf 93' lang='lat' dir='ltr'>in</span> <span class='ocrx_word' id='word_1_215' title='bbox 1115 2646 1299 2714; x_wconf 87' lang='lat' dir='ltr'>extremisque</span> <span class='ocrx_word' id='word_1_216' title='bbox 1318 2655 1451 2701; x_wconf 88' lang='lat' dir='ltr'>terrarum</span> <span class='ocrx_word' id='word_1_217' title='bbox 1472 2648 1529 2701; x_wconf 89' lang='lat' dir='ltr'>oris</span> <span class='ocrx_word' id='word_1_218' title='bbox 1543 2648 1642 2701; x_wconf 91' lang='lat' dir='ltr'>consti·</span> 
     </span>
     <span class='ocr_line' id='line_1_22' title="bbox 189 2731 1642 2804; baseline 0.001 -17"><span class='ocrx_word' id='word_1_219' title='bbox 189 2742 280 2788; x_wconf 88' lang='lat' dir='ltr'>tutum</span> <span class='ocrx_word' id='word_1_220' title='bbox 291 2751 347 2787; x_wconf 91' lang='lat' dir='ltr'>non</span> <span class='ocrx_word' id='word_1_221' title='bbox 360 2732 496 2786; x_wconf 88' lang='lat' dir='ltr'>dubitavit</span> <span class='ocrx_word' id='word_1_222' title='bbox 508 2733 560 2795; x_wconf 89' lang='lat' dir='ltr'>his,</span> <span class='ocrx_word' id='word_1_223' title='bbox 571 2732 616 2800; x_wconf 91' lang='lat' dir='ltr'>qui</span> <span class='ocrx_word' id='word_1_224' title='bbox 630 2749 723 2784; x_wconf 91' lang='lat' dir='ltr'>coram</span> <span class='ocrx_word' id='word_1_225' title='bbox 744 2731 771 2784; x_wconf 90' lang='lat' dir='ltr'>in</span> <span class='ocrx_word' id='word_1_226' title='bbox 786 2732 997 2800; x_wconf 86' lang='lat' dir='ltr'>praesentiaque</span> <span class='ocrx_word' id='word_1_227' title='bbox 1011 2742 1098 2796; x_wconf 90' lang='lat' dir='ltr'>erant,</span> <span class='ocrx_word' id='word_1_228' title='bbox 1114 2732 1265 2802; x_wconf 81' lang='lat' dir='ltr'>praeferre«</span> <span class='ocrx_word' id='word_1_229' title='bbox 1286 2733 1420 2802; x_wconf 77' lang='lat' dir='ltr'>zalrladajl</span> <span class='ocrx_word' id='word_1_230' title='bbox 1432 2752 1462 2787; x_wconf 91' lang='lat' dir='ltr'>se</span> <span class='ocrx_word' id='word_1_231' title='bbox 1476 2751 1513 2787; x_wconf 87' lang='lat' dir='ltr'>na</span> <span class='ocrx_word' id='word_1_232' title='bbox 1526 2736 1642 2804; x_wconf 69' lang='lat' dir='ltr'>spravnd</span> 
     </span>
     <span class='ocr_line' id='line_1_23' title="bbox 193 2819 1643 2889; baseline 0.001 -16"><span class='ocrx_word' id='word_1_233' title='bbox 193 2820 346 2875; x_wconf 81' lang='lat' dir='ltr'>informaci.</span> <span class='ocrx_word' id='word_1_234' title='bbox 365 2819 498 2886; x_wconf 83' lang='lat' dir='ltr'>dolrazuje</span> <span class='ocrx_word' id='word_1_235' title='bbox 520 2819 565 2872; x_wconf 91' lang='lat' dir='ltr'>list</span> <span class='ocrx_word' id='word_1_236' title='bbox 584 2820 657 2872; x_wconf 73' lang='lat' dir='ltr'>lnale</span> <span class='ocrx_word' id='word_1_237' title='bbox 670 2819 829 2872; x_wconf 82' lang='lat' dir='ltr'>Vladislava</span> <span class='ocrx_word' id='word_1_238' title='bbox 842 2821 874 2872; x_wconf 87' lang='lat' dir='ltr'>ire</span> <span class='ocrx_word' id='word_1_239' title='bbox 890 2819 1009 2888; x_wconf 88' lang='lat' dir='ltr'>kapitole</span> <span class='ocrx_word' id='word_1_240' title='bbox 1023 2820 1204 2882; x_wconf 74' lang='lat' dir='ltr'>Olomoucke,</span> <span class='ocrx_word' id='word_1_241' title='bbox 1223 2821 1302 2889; x_wconf 66' lang='lat' dir='ltr'>ltery‘</span> <span class='ocrx_word' id='word_1_242' title='bbox 1319 2821 1407 2874; x_wconf 89' lang='lat' dir='ltr'>dosud</span> <span class='ocrx_word' id='word_1_243' title='bbox 1426 2839 1443 2873; x_wconf 90' lang='lat' dir='ltr'>v</span> <span class='ocrx_word' id='word_1_244' title='bbox 1455 2822 1571 2875; x_wconf 86' lang='lat' dir='ltr'>archivu</span> <span class='ocrx_word' id='word_1_245' title='bbox 1584 2823 1643 2875; x_wconf 75' lang='lat' dir='ltr'>tete</span> 
     </span>
     <span class='ocr_line' id='line_1_24' title="bbox 192 2906 1643 2977; baseline 0.001 -17"><span class='ocrx_word' id='word_1_246' title='bbox 192 2908 314 2976; x_wconf 75' lang='lat' dir='ltr'>kapitoly</span> <span class='ocrx_word' id='word_1_247' title='bbox 333 2924 363 2960; x_wconf 86' lang='lat' dir='ltr'>se</span> <span class='ocrx_word' id='word_1_248' title='bbox 382 2908 507 2959; x_wconf 76' lang='lat' dir='ltr'>chorita</span> <span class='ocrx_word' id='word_1_249' title='bbox 526 2908 571 2959; x_wconf 76' lang='lat' dir='ltr'>ma</span> <span class='ocrx_word' id='word_1_250' title='bbox 589 2907 683 2959; x_wconf 89' lang='lat' dir='ltr'>datum</span> <span class='ocrx_word' id='word_1_251' title='bbox 713 2907 738 2958; x_wconf 68' lang='grc' dir='ltr'>ι).</span> <span class='ocrx_word' id='word_1_252' title='bbox 757 2924 828 2974; x_wconf 80' lang='lat' dir='ltr'>pros</span> <span class='ocrx_word' id='word_1_253' title='bbox 849 2907 914 2958; x_wconf 70' lang='lat'>1491</span> <span class='ocrx_word' id='word_1_254' title='bbox 935 2906 943 2959; x_wconf 93' lang='lat' dir='ltr'>i</span> <span class='ocrx_word' id='word_1_255' title='bbox 962 2907 1088 2961; x_wconf 87' lang='lat' dir='ltr'>adressu:</span> <span class='ocrx_word' id='word_1_256' title='bbox 1117 2907 1334 2960; x_wconf 86' lang='lat' dir='ltr'>Honorabilibus</span> <span class='ocrx_word' id='word_1_257' title='bbox 1351 2908 1518 2977; x_wconf 83' lang='lat' dir='ltr'>praeposito,</span> <span class='ocrx_word' id='word_1_258' title='bbox 1537 2909 1643 2962; x_wconf 87' lang='lat' dir='ltr'>decano</span> 
     </span>
     <span class='ocr_line' id='line_1_25' title="bbox 193 2992 1643 3064; baseline 0.001 -17"><span class='ocrx_word' id='word_1_259' title='bbox 193 3004 221 3048; x_wconf 94' lang='lat' dir='ltr'>et</span> <span class='ocrx_word' id='word_1_260' title='bbox 239 2994 359 3063; x_wconf 86' lang='lat' dir='ltr'>capitulo</span> <span class='ocrx_word' id='word_1_261' title='bbox 378 2994 514 3047; x_wconf 89' lang='lat' dir='ltr'>ecclesiae</span> <span class='ocrx_word' id='word_1_262' title='bbox 528 2993 725 3046; x_wconf 90' lang='lat' dir='ltr'>Olomucensis</span> <span class='ocrx_word' id='word_1_263' title='bbox 743 2992 869 3045; x_wconf 84' lang='lat' dir='ltr'>fidelibus</span> <span class='ocrx_word' id='word_1_264' title='bbox 882 2993 984 3046; x_wconf 88' lang='lat' dir='ltr'>nostris</span> <span class='ocrx_word' id='word_1_265' title='bbox 1000 2994 1118 3047; x_wconf 85' lang='lat' dir='ltr'>dilectis.</span> <span class='ocrx_word' id='word_1_266' title='bbox 1138 2994 1226 3047; x_wconf 73' lang='lat' dir='ltr'>anni</span> <span class='ocrx_word' id='word_1_267' title='bbox 1237 2994 1293 3062; x_wconf 89' lang='lat' dir='ltr'>jest</span> <span class='ocrx_word' id='word_1_268' title='bbox 1304 3003 1376 3048; x_wconf 90' lang='lat' dir='ltr'>toto:</span> <span class='ocrx_word' id='word_1_269' title='bbox 1396 2996 1567 3049; x_wconf 89' lang='lat' dir='ltr'>Wladislaus</span> <span class='ocrx_word' id='word_1_270' title='bbox 1580 2997 1606 3048; x_wconf 90' lang='lat' dir='ltr'>d.</span> <span class='ocrx_word' id='word_1_271' title='bbox 1618 3013 1643 3064; x_wconf 84' lang='lat' dir='ltr'>g.</span> 
     </span>
     <span class='ocr_line' id='line_1_26' title="bbox 195 3079 1643 3152; baseline 0.002 -18"><span class='ocrx_word' id='word_1_272' title='bbox 195 3099 241 3135; x_wconf 85' lang='lat' dir='ltr'>rex</span> <span class='ocrx_word' id='word_1_273' title='bbox 260 3082 429 3148; x_wconf 85' lang='lat' dir='ltr'>Hungariae,</span> <span class='ocrx_word' id='word_1_274' title='bbox 449 3081 601 3134; x_wconf 90' lang='lat' dir='ltr'>Bohemiae</span> <span class='ocrx_word' id='word_1_275' title='bbox 620 3089 673 3133; x_wconf 90' lang='lat' dir='ltr'>etc.</span> <span class='ocrx_word' id='word_1_276' title='bbox 693 3079 886 3139; x_wconf 84' lang='lat' dir='ltr'>Honorabiles,</span> <span class='ocrx_word' id='word_1_277' title='bbox 905 3081 1009 3142; x_wconf 84' lang='lat' dir='ltr'>fideles,</span> <span class='ocrx_word' id='word_1_278' title='bbox 1027 3081 1115 3135; x_wconf 82' lang='lat' dir='ltr'>nostri</span> <span class='ocrx_word' id='word_1_279' title='bbox 1128 3082 1237 3135; x_wconf 86' lang='lat' dir='ltr'>dilecti!</span> <span class='ocrx_word' id='word_1_280' title='bbox 1257 3083 1341 3135; x_wconf 87' lang='lat' dir='ltr'>Venit</span> <span class='ocrx_word' id='word_1_281' title='bbox 1359 3083 1394 3135; x_wconf 91' lang='lat' dir='ltr'>ad</span> <span class='ocrx_word' id='word_1_282' title='bbox 1408 3100 1460 3136; x_wconf 89' lang='lat' dir='ltr'>nos</span> <span class='ocrx_word' id='word_1_283' title='bbox 1478 3083 1566 3152; x_wconf 89' lang='lat' dir='ltr'>pridie</span> <span class='ocrx_word' id='word_1_284' title='bbox 1586 3084 1643 3137; x_wconf 91' lang='lat' dir='ltr'>reli·</span> 
     </span>
     <span class='ocr_line' id='line_1_27' title="bbox 195 3167 1644 3237; baseline 0.001 -15"><span class='ocrx_word' id='word_1_285' title='bbox 195 3169 291 3237; x_wconf 85' lang='lat' dir='ltr'>giosus</span> <span class='ocrx_word' id='word_1_286' title='bbox 309 3168 392 3222; x_wconf 84' lang='lat' dir='ltr'>irater</span> <span class='ocrx_word' id='word_1_287' title='bbox 405 3168 551 3236; x_wconf 84' lang='lat' dir='ltr'>Georgius,</span> <span class='ocrx_word' id='word_1_288' title='bbox 570 3168 643 3236; x_wconf 89' lang='lat' dir='ltr'>prior</span> <span class='ocrx_word' id='word_1_289' title='bbox 655 3167 833 3235; x_wconf 83' lang='lat' dir='ltr'>provincialis</span> <span class='ocrx_word' id='word_1_290' title='bbox 846 3185 894 3236; x_wconf 92' lang='lat' dir='ltr'>per</span> <span class='ocrx_word' id='word_1_291' title='bbox 906 3168 1071 3221; x_wconf 90' lang='lat' dir='ltr'>Bohemiam</span> <span class='ocrx_word' id='word_1_292' title='bbox 1084 3175 1112 3221; x_wconf 94' lang='lat' dir='ltr'>et</span> <span class='ocrx_word' id='word_1_293' title='bbox 1125 3169 1278 3222; x_wconf 85' lang='lat' dir='ltr'>Moraviam</span> <span class='ocrx_word' id='word_1_294' title='bbox 1292 3169 1397 3222; x_wconf 91' lang='lat' dir='ltr'>ordinis</span> <span class='ocrx_word' id='word_1_295' title='bbox 1410 3170 1644 3232; x_wconf 82' lang='lat' dir='ltr'>Praedicatorum</span> 
     </span>
     <span class='ocr_line' id='line_1_28' title="bbox 195 3254 1645 3324; baseline 0.001 -14"><span class='ocrx_word' id='word_1_296' title='bbox 195 3256 332 3310; x_wconf 92' lang='lat' dir='ltr'>nunccius</span> <span class='ocrx_word' id='word_1_297' title='bbox 350 3256 480 3308; x_wconf 88' lang='lat' dir='ltr'>videlicet</span> <span class='ocrx_word' id='word_1_298' title='bbox 498 3273 581 3324; x_wconf 88' lang='lat' dir='ltr'>super</span> <span class='ocrx_word' id='word_1_299' title='bbox 608 3254 765 3322; x_wconf 82' lang='lat' dir='ltr'>provisione</span> <span class='ocrx_word' id='word_1_300' title='bbox 794 3255 921 3307; x_wconf 81' lang='lat' dir='ltr'>facienda</span> <span class='ocrx_word' id='word_1_301' title='bbox 947 3256 981 3308; x_wconf 93' lang='lat' dir='ltr'>de</span> <span class='ocrx_word' id='word_1_302' title='bbox 1001 3264 1110 3324; x_wconf 87' lang='lat' dir='ltr'>pastore</span> <span class='ocrx_word' id='word_1_303' title='bbox 1137 3255 1229 3323; x_wconf 87' lang='lat' dir='ltr'>aliquo</span> <span class='ocrx_word' id='word_1_304' title='bbox 1248 3256 1349 3309; x_wconf 89' lang='lat' dir='ltr'>idoneo</span> <span class='ocrx_word' id='word_1_305' title='bbox 1368 3257 1396 3310; x_wconf 94' lang='lat' dir='ltr'>in</span> <span class='ocrx_word' id='word_1_306' title='bbox 1415 3258 1537 3311; x_wconf 87' lang='lat' dir='ltr'>ecclesia</span> <span class='ocrx_word' id='word_1_307' title='bbox 1555 3267 1645 3311; x_wconf 87' lang='lat' dir='ltr'>vestra</span> 
     </span>
     <span class='ocr_line' id='line_1_29' title="bbox 195 3342 1644 3412; baseline 0.001 -17"><span class='ocrx_word' id='word_1_308' title='bbox 195 3343 384 3404; x_wconf 83' lang='lat' dir='ltr'>Olomucensi.</span> <span class='ocrx_word' id='word_1_309' title='bbox 403 3343 625 3410; x_wconf 90' lang='lat' dir='ltr'>quandoquidem</span> <span class='ocrx_word' id='word_1_310' title='bbox 655 3344 727 3394; x_wconf 90' lang='lat' dir='ltr'>mala</span> <span class='ocrx_word' id='word_1_311' title='bbox 750 3342 857 3395; x_wconf 89' lang='lat' dir='ltr'>semina</span> <span class='ocrx_word' id='word_1_312' title='bbox 880 3352 937 3395; x_wconf 88' lang='lat' dir='ltr'>tam</span> <span class='ocrx_word' id='word_1_313' title='bbox 963 3342 991 3394; x_wconf 91' lang='lat' dir='ltr'>in</span> <span class='ocrx_word' id='word_1_314' title='bbox 1010 3342 1123 3395; x_wconf 86' lang='lat' dir='ltr'>civitate</span> <span class='ocrx_word' id='word_1_315' title='bbox 1150 3359 1232 3410; x_wconf 91' lang='lat' dir='ltr'>quam</span> <span class='ocrx_word' id='word_1_316' title='bbox 1252 3344 1280 3396; x_wconf 93' lang='lat' dir='ltr'>in</span> <span class='ocrx_word' id='word_1_317' title='bbox 1299 3344 1413 3412; x_wconf 77' lang='lat' dir='ltr'>dyocesi</span> <span class='ocrx_word' id='word_1_318' title='bbox 1432 3344 1468 3397; x_wconf 93' lang='lat' dir='ltr'>ob</span> <span class='ocrx_word' id='word_1_319' title='bbox 1487 3346 1644 3399; x_wconf 85' lang='lat' dir='ltr'>diuturnam</span> 
     </span>
     <span class='ocr_line' id='line_1_30' title="bbox 196 3429 1646 3498; baseline 0.001 -14"><span class='ocrx_word' id='word_1_320' title='bbox 196 3431 348 3484; x_wconf 85' lang='lat' dir='ltr'>carentiam</span> <span class='ocrx_word' id='word_1_321' title='bbox 367 3429 448 3482; x_wconf 89' lang='lat' dir='ltr'>bonis</span> <span class='ocrx_word' id='word_1_322' title='bbox 466 3430 528 3497; x_wconf 81' lang='lat' dir='ltr'>(sici</span> <span class='ocrx_word' id='word_1_323' title='bbox 552 3429 670 3498; x_wconf 88' lang='lat' dir='ltr'>pastoris</span> <span class='ocrx_word' id='word_1_324' title='bbox 695 3437 722 3481; x_wconf 90' lang='lat' dir='ltr'>et</span> <span class='ocrx_word' id='word_1_325' title='bbox 747 3429 861 3481; x_wconf 89' lang='lat' dir='ltr'>cultoris</span> <span class='ocrx_word' id='word_1_326' title='bbox 888 3430 1016 3482; x_wconf 89' lang='lat' dir='ltr'>videntur</span> <span class='ocrx_word' id='word_1_327' title='bbox 1039 3430 1149 3497; x_wconf 74' lang='lat' dir='ltr'>augent</span> <span class='ocrx_word' id='word_1_328' title='bbox 1176 3431 1249 3483; x_wconf 90' lang='lat' dir='ltr'>unde</span> <span class='ocrx_word' id='word_1_329' title='bbox 1277 3440 1385 3484; x_wconf 88' lang='lat' dir='ltr'>mentes</span> <span class='ocrx_word' id='word_1_330' title='bbox 1403 3440 1512 3485; x_wconf 89' lang='lat' dir='ltr'>vestras</span> <span class='ocrx_word' id='word_1_331' title='bbox 1530 3432 1646 3485; x_wconf 88' lang='lat' dir='ltr'>diversis</span> 
     </span>
     <span class='ocr_line' id='line_1_31' title="bbox 195 3515 1646 3588; baseline 0.003 -19"><span class='ocrx_word' id='word_1_332' title='bbox 195 3517 293 3583; x_wconf 78' lang='lat' dir='ltr'>agitari</span> <span class='ocrx_word' id='word_1_333' title='bbox 312 3515 467 3569; x_wconf 86' lang='lat' dir='ltr'>turbinibus</span> <span class='ocrx_word' id='word_1_334' title='bbox 485 3524 513 3568; x_wconf 91' lang='lat' dir='ltr'>et</span> <span class='ocrx_word' id='word_1_335' title='bbox 531 3516 616 3568; x_wconf 86' lang='lat' dir='ltr'>variis</span> <span class='ocrx_word' id='word_1_336' title='bbox 634 3516 800 3569; x_wconf 89' lang='lat' dir='ltr'>circumdari</span> <span class='ocrx_word' id='word_1_337' title='bbox 819 3515 1012 3570; x_wconf 80' lang='lat' dir='ltr'>vexationibus</span> <span class='ocrx_word' id='word_1_338' title='bbox 1030 3518 1210 3586; x_wconf 89' lang='lat' dir='ltr'>contemplati</span> <span class='ocrx_word' id='word_1_339' title='bbox 1229 3535 1334 3571; x_wconf 85' lang='lat' dir='ltr'>sumus.</span> <span class='ocrx_word' id='word_1_340' title='bbox 1352 3519 1528 3588; x_wconf 79' lang='lat' dir='ltr'>Quapropter</span> <span class='ocrx_word' id='word_1_341' title='bbox 1544 3520 1646 3582; x_wconf 81' lang='lat' dir='ltr'>sciatis,</span> 
     </span>
     <span class='ocr_line' id='line_1_32' title="bbox 197 3601 1645 3674; baseline 0.003 -18"><span class='ocrx_word' id='word_1_342' title='bbox 197 3605 268 3672; x_wconf 88' lang='lat' dir='ltr'>quod</span> <span class='ocrx_word' id='word_1_343' title='bbox 288 3619 343 3655; x_wconf 92' lang='lat' dir='ltr'>non</span> <span class='ocrx_word' id='word_1_344' title='bbox 363 3602 455 3655; x_wconf 86' lang='lat' dir='ltr'>minus</span> <span class='ocrx_word' id='word_1_345' title='bbox 479 3601 559 3655; x_wconf 91' lang='lat' dir='ltr'>nobis</span> <span class='ocrx_word' id='word_1_346' title='bbox 586 3603 639 3655; x_wconf 89' lang='lat' dir='ltr'>hoc</span> <span class='ocrx_word' id='word_1_347' title='bbox 665 3603 741 3656; x_wconf 91' lang='lat' dir='ltr'>cordi</span> <span class='ocrx_word' id='word_1_348' title='bbox 770 3603 828 3661; x_wconf 79' lang='lat' dir='ltr'>suit.</span> <span class='ocrx_word' id='word_1_349' title='bbox 852 3610 882 3655; x_wconf 92' lang='lat' dir='ltr'>ut</span> <span class='ocrx_word' id='word_1_350' title='bbox 899 3603 973 3655; x_wconf 90' lang='lat' dir='ltr'>bono</span> <span class='ocrx_word' id='word_1_351' title='bbox 998 3603 1090 3672; x_wconf 91' lang='lat' dir='ltr'>aliquo</span> <span class='ocrx_word' id='word_1_352' title='bbox 1118 3613 1146 3657; x_wconf 89' lang='lat' dir='ltr'>et</span> <span class='ocrx_word' id='word_1_353' title='bbox 1164 3605 1343 3658; x_wconf 82' lang='lat' dir='ltr'>convenienti</span> <span class='ocrx_word' id='word_1_354' title='bbox 1368 3615 1479 3674; x_wconf 83' lang='lat' dir='ltr'>pastore</span> <span class='ocrx_word' id='word_1_355' title='bbox 1498 3607 1645 3660; x_wconf 89' lang='lat' dir='ltr'>ecclesiam</span> 
     </span>
     <span class='ocr_line' id='line_1_33' title="bbox 197 3689 1647 3764; baseline 0.003 -22"><span class='ocrx_word' id='word_1_356' title='bbox 197 3699 317 3744; x_wconf 86' lang='lat' dir='ltr'>vestram</span> <span class='ocrx_word' id='word_1_357' title='bbox 336 3691 470 3743; x_wconf 88' lang='lat' dir='ltr'>adornare</span> <span class='ocrx_word' id='word_1_358' title='bbox 489 3690 632 3751; x_wconf 82' lang='lat' dir='ltr'>vellemus,</span> <span class='ocrx_word' id='word_1_359' title='bbox 652 3707 733 3757; x_wconf 89' lang='lat' dir='ltr'>quam</span> <span class='ocrx_word' id='word_1_360' title='bbox 759 3689 839 3742; x_wconf 87' lang='lat' dir='ltr'>vobis</span> <span class='ocrx_word' id='word_1_361' title='bbox 864 3689 939 3758; x_wconf 85' lang='lat' dir='ltr'>ipsis,</span> <span class='ocrx_word' id='word_1_362' title='bbox 964 3690 1009 3758; x_wconf 90' lang='lat' dir='ltr'>qui</span> <span class='ocrx_word' id='word_1_363' title='bbox 1036 3698 1145 3760; x_wconf 87' lang='lat' dir='ltr'>pastore</span> <span class='ocrx_word' id='word_1_364' title='bbox 1170 3692 1280 3746; x_wconf 88' lang='lat' dir='ltr'>caretis.</span> <span class='ocrx_word' id='word_1_365' title='bbox 1309 3692 1410 3747; x_wconf 84' lang='lat' dir='ltr'>Fuerat</span> <span class='ocrx_word' id='word_1_366' title='bbox 1434 3711 1536 3764; x_wconf 89' lang='lat' dir='ltr'>nempe</span> <span class='ocrx_word' id='word_1_367' title='bbox 1561 3693 1647 3748; x_wconf 91' lang='lat' dir='ltr'>nostri</span> 
     </span>
     <span class='ocr_line' id='line_1_34' title="bbox 197 3775 1647 3851; baseline 0.001 -20"><span class='ocrx_word' id='word_1_368' title='bbox 197 3777 329 3848; x_wconf 88' lang='lat' dir='ltr'>propositi</span> <span class='ocrx_word' id='word_1_369' title='bbox 348 3775 433 3829; x_wconf 90' lang='lat' dir='ltr'>nobili</span> <span class='ocrx_word' id='word_1_370' title='bbox 453 3776 593 3829; x_wconf 87' lang='lat' dir='ltr'>Bohuslao</span> <span class='ocrx_word' id='word_1_371' title='bbox 612 3778 646 3829; x_wconf 90' lang='lat' dir='ltr'>de</span> <span class='ocrx_word' id='word_1_372' title='bbox 660 3776 847 3838; x_wconf 86' lang='lat' dir='ltr'>Hassinstein‚</span> <span class='ocrx_word' id='word_1_373' title='bbox 865 3775 925 3829; x_wconf 86' lang='lat' dir='ltr'>viro</span> <span class='ocrx_word' id='word_1_374' title='bbox 944 3777 1028 3831; x_wconf 90' lang='lat' dir='ltr'>docto</span> <span class='ocrx_word' id='word_1_375' title='bbox 1047 3787 1075 3832; x_wconf 92' lang='lat' dir='ltr'>et</span> <span class='ocrx_word' id='word_1_376' title='bbox 1087 3778 1182 3847; x_wconf 90' lang='lat' dir='ltr'>probo,</span> <span class='ocrx_word' id='word_1_377' title='bbox 1201 3779 1235 3832; x_wconf 90' lang='lat' dir='ltr'>de</span> <span class='ocrx_word' id='word_1_378' title='bbox 1247 3788 1341 3833; x_wconf 83' lang='lat' dir='ltr'>vestra</span> <span class='ocrx_word' id='word_1_379' title='bbox 1359 3781 1482 3834; x_wconf 85' lang='lat' dir='ltr'>ecclesia</span> <span class='ocrx_word' id='word_1_380' title='bbox 1495 3781 1647 3851; x_wconf 85' lang='lat' dir='ltr'>providere,</span> 
     </span>
     <span class='ocr_line' id='line_1_35' title="bbox 198 3862 1648 3938; baseline 0.003 -20"><span class='ocrx_word' id='word_1_381' title='bbox 198 3866 270 3934; x_wconf 88' lang='lat' dir='ltr'>quod</span> <span class='ocrx_word' id='word_1_382' title='bbox 289 3880 363 3917; x_wconf 91' lang='lat' dir='ltr'>nunc</span> <span class='ocrx_word' id='word_1_383' title='bbox 383 3881 431 3932; x_wconf 90' lang='lat' dir='ltr'>per</span> <span class='ocrx_word' id='word_1_384' title='bbox 448 3880 500 3917; x_wconf 91' lang='lat' dir='ltr'>nos</span> <span class='ocrx_word' id='word_1_385' title='bbox 519 3862 594 3933; x_wconf 89' lang='lat' dir='ltr'>ipsos</span> <span class='ocrx_word' id='word_1_386' title='bbox 612 3863 703 3917; x_wconf 83' lang='lat' dir='ltr'>lacere</span> <span class='ocrx_word' id='word_1_387' title='bbox 722 3881 778 3916; x_wconf 89' lang='lat' dir='ltr'>non</span> <span class='ocrx_word' id='word_1_388' title='bbox 798 3880 954 3933; x_wconf 81' lang='lat' dir='ltr'>possumus.</span> <span class='ocrx_word' id='word_1_389' title='bbox 979 3883 1072 3933; x_wconf 88' lang='lat' dir='ltr'>quum.</span> <span class='ocrx_word' id='word_1_390' title='bbox 1091 3874 1122 3920; x_wconf 94' lang='lat' dir='ltr'>ut</span> <span class='ocrx_word' id='word_1_391' title='bbox 1139 3867 1227 3930; x_wconf 88' lang='lat' dir='ltr'>scitis,</span> <span class='ocrx_word' id='word_1_392' title='bbox 1251 3868 1395 3922; x_wconf 88' lang='lat' dir='ltr'>Romanus</span> <span class='ocrx_word' id='word_1_393' title='bbox 1418 3869 1543 3938; x_wconf 79' lang='lat' dir='ltr'>pontifex</span> <span class='ocrx_word' id='word_1_394' title='bbox 1567 3867 1648 3922; x_wconf 88' lang='lat' dir='ltr'>intro·</span> 
     </span>
     <span class='ocr_line' id='line_1_36' title="bbox 199 3950 1648 4025; baseline 0.002 -20"><span class='ocrx_word' id='word_1_395' title='bbox 199 3952 274 4005; x_wconf 89' lang='lat' dir='ltr'>misit</span> <span class='ocrx_word' id='word_1_396' title='bbox 292 3969 322 4004; x_wconf 88' lang='lat' dir='ltr'>se</span> <span class='ocrx_word' id='word_1_397' title='bbox 341 3951 375 4004; x_wconf 92' lang='lat' dir='ltr'>de</span> <span class='ocrx_word' id='word_1_398' title='bbox 394 3967 436 4011; x_wconf 86' lang='lat' dir='ltr'>ea,</span> <span class='ocrx_word' id='word_1_399' title='bbox 455 3958 483 4003; x_wconf 89' lang='lat' dir='ltr'>et</span> <span class='ocrx_word' id='word_1_400' title='bbox 502 3950 575 4003; x_wconf 89' lang='lat' dir='ltr'>illam</span> <span class='ocrx_word' id='word_1_401' title='bbox 595 3950 713 4003; x_wconf 91' lang='lat' dir='ltr'>contulit</span> <span class='ocrx_word' id='word_1_402' title='bbox 731 3950 864 4003; x_wconf 86' lang='lat' dir='ltr'>cardinali</span> <span class='ocrx_word' id='word_1_403' title='bbox 883 3950 1038 4005; x_wconf 64' lang='lat' dir='ltr'>villariensi.</span> <span class='ocrx_word' id='word_1_404' title='bbox 1064 3953 1182 4006; x_wconf 91' lang='lat' dir='ltr'>Tamdiu</span> <span class='ocrx_word' id='word_1_405' title='bbox 1201 3954 1375 4023; x_wconf 84' lang='lat' dir='ltr'>expectastis,</span> <span class='ocrx_word' id='word_1_406' title='bbox 1394 3964 1539 4025; x_wconf 85' lang='lat' dir='ltr'>expectate</span> <span class='ocrx_word' id='word_1_407' title='bbox 1557 3957 1648 4009; x_wconf 90' lang='lat' dir='ltr'>adhuc</span> 
     </span>
     <span class='ocr_line' id='line_1_37' title="bbox 199 4037 1648 4113; baseline 0.003 -21"><span class='ocrx_word' id='word_1_408' title='bbox 199 4039 349 4100; x_wconf 87' lang='lat' dir='ltr'>modicum,</span> <span class='ocrx_word' id='word_1_409' title='bbox 367 4055 452 4105; x_wconf 89' lang='lat' dir='ltr'>quum</span> <span class='ocrx_word' id='word_1_410' title='bbox 471 4037 630 4107; x_wconf 90' lang='lat' dir='ltr'>propediem</span> <span class='ocrx_word' id='word_1_411' title='bbox 649 4054 698 4106; x_wconf 89' lang='lat' dir='ltr'>pro</span> <span class='ocrx_word' id='word_1_412' title='bbox 717 4038 826 4105; x_wconf 82' lang='lat' dir='ltr'>magnis</span> <span class='ocrx_word' id='word_1_413' title='bbox 845 4047 873 4091; x_wconf 88' lang='lat' dir='ltr'>et</span> <span class='ocrx_word' id='word_1_414' title='bbox 890 4039 984 4092; x_wconf 87' lang='lat' dir='ltr'>arduis</span> <span class='ocrx_word' id='word_1_415' title='bbox 1009 4040 1111 4094; x_wconf 90' lang='lat' dir='ltr'>nostris</span> <span class='ocrx_word' id='word_1_416' title='bbox 1129 4041 1250 4108; x_wconf 85' lang='lat' dir='ltr'>negotiis</span> <span class='ocrx_word' id='word_1_417' title='bbox 1268 4043 1375 4111; x_wconf 78' lang='lat' dir='ltr'>legatos</span> <span class='ocrx_word' id='word_1_418' title='bbox 1393 4042 1559 4096; x_wconf 89' lang='lat' dir='ltr'>habebimus</span> <span class='ocrx_word' id='word_1_419' title='bbox 1577 4045 1648 4113; x_wconf 88' lang='lat' dir='ltr'>apud</span> 
     </span>
     <span class='ocr_line' id='line_1_38' title="bbox 200 4123 1649 4198; baseline 0.003 -19"><span class='ocrx_word' id='word_1_420' title='bbox 200 4127 294 4179; x_wconf 85' lang='lat' dir='ltr'>sedem</span> <span class='ocrx_word' id='word_1_421' title='bbox 307 4123 500 4194; x_wconf 88' lang='lat' dir='ltr'>apostolicam,</span> <span class='ocrx_word' id='word_1_422' title='bbox 519 4125 618 4192; x_wconf 89' lang='lat' dir='ltr'>quibus</span> <span class='ocrx_word' id='word_1_423' title='bbox 636 4125 710 4178; x_wconf 89' lang='lat' dir='ltr'>etde</span> <span class='ocrx_word' id='word_1_424' title='bbox 729 4126 782 4178; x_wconf 90' lang='lat' dir='ltr'>hac</span> <span class='ocrx_word' id='word_1_425' title='bbox 795 4142 824 4177; x_wconf 92' lang='lat' dir='ltr'>re</span> <span class='ocrx_word' id='word_1_426' title='bbox 838 4125 1065 4179; x_wconf 88' lang='lat' dir='ltr'>commissionem</span> <span class='ocrx_word' id='word_1_427' title='bbox 1085 4127 1220 4182; x_wconf 86' lang='lat' dir='ltr'>iaciemus</span> <span class='ocrx_word' id='word_1_428' title='bbox 1232 4129 1397 4198; x_wconf 68' lang='lat' dir='ltr'>specialem</span> <span class='ocrx_word' id='word_1_429' title='bbox 1415 4146 1468 4183; x_wconf 89' lang='lat' dir='ltr'>nec</span> <span class='ocrx_word' id='word_1_430' title='bbox 1481 4130 1649 4193; x_wconf 84' lang='lat' dir='ltr'>dubitamus,</span> 
     </span>
     <span class='ocr_line' id='line_1_39' title="bbox 200 4211 1650 4282; baseline 0.003 -16"><span class='ocrx_word' id='word_1_431' title='bbox 200 4215 266 4282; x_wconf 91' lang='lat' dir='ltr'>quin</span> <span class='ocrx_word' id='word_1_432' title='bbox 280 4213 360 4266; x_wconf 87' lang='lat' dir='ltr'>nobis</span> <span class='ocrx_word' id='word_1_433' title='bbox 372 4214 407 4265; x_wconf 86' lang='lat' dir='ltr'>ad</span> <span class='ocrx_word' id='word_1_434' title='bbox 420 4211 651 4282; x_wconf 87' lang='lat' dir='ltr'>complacentiam</span> <span class='ocrx_word' id='word_1_435' title='bbox 664 4212 788 4265; x_wconf 80' lang='lat' dir='ltr'>facturus</span> <span class='ocrx_word' id='word_1_436' title='bbox 800 4213 836 4265; x_wconf 89' lang='lat' dir='ltr'>sit</span> <span class='ocrx_word' id='word_1_437' title='bbox 849 4213 988 4282; x_wconf 83' lang='lat' dir='ltr'>praefatus</span> <span class='ocrx_word' id='word_1_438' title='bbox 1000 4213 1130 4267; x_wconf 90' lang='lat' dir='ltr'>dominus</span> <span class='ocrx_word' id='word_1_439' title='bbox 1143 4214 1291 4268; x_wconf 83' lang='lat' dir='ltr'>cardinalis</span> <span class='ocrx_word' id='word_1_440' title='bbox 1303 4232 1367 4268; x_wconf 90' lang='lat' dir='ltr'>cum</span> <span class='ocrx_word' id='word_1_441' title='bbox 1377 4217 1522 4270; x_wconf 84' lang='lat' dir='ltr'>voluntate</span> <span class='ocrx_word' id='word_1_442' title='bbox 1535 4219 1650 4271; x_wconf 89' lang='lat' dir='ltr'>sanctis·</span> 
     </span>
     <span class='ocr_line' id='line_1_40' title="bbox 199 4299 1649 4368; baseline 0.005 -16"><span class='ocrx_word' id='word_1_443' title='bbox 199 4300 263 4354; x_wconf 91' lang='lat' dir='ltr'>simi</span> <span class='ocrx_word' id='word_1_444' title='bbox 282 4300 387 4353; x_wconf 89' lang='lat' dir='ltr'>domini</span> <span class='ocrx_word' id='word_1_445' title='bbox 405 4300 502 4353; x_wconf 81' lang='lat' dir='ltr'>nostri.</span> <span class='ocrx_word' id='word_1_446' title='bbox 533 4300 591 4353; x_wconf 87' lang='lat' dir='ltr'>Nos</span> <span class='ocrx_word' id='word_1_447' title='bbox 610 4299 685 4352; x_wconf 90' lang='lat' dir='ltr'>enim</span> <span class='ocrx_word' id='word_1_448' title='bbox 704 4316 760 4352; x_wconf 93' lang='lat' dir='ltr'>non</span> <span class='ocrx_word' id='word_1_449' title='bbox 788 4300 976 4368; x_wconf 89' lang='lat' dir='ltr'>relinquemus</span> <span class='ocrx_word' id='word_1_450' title='bbox 999 4317 1058 4363; x_wconf 88' lang='lat' dir='ltr'>vos,</span> <span class='ocrx_word' id='word_1_451' title='bbox 1082 4317 1134 4353; x_wconf 92' lang='lat' dir='ltr'>nec</span> <span class='ocrx_word' id='word_1_452' title='bbox 1153 4301 1291 4354; x_wconf 86' lang='lat' dir='ltr'>ecclesiae</span> <span class='ocrx_word' id='word_1_453' title='bbox 1318 4311 1427 4356; x_wconf 85' lang='lat' dir='ltr'>vestrae</span> <span class='ocrx_word' id='word_1_454' title='bbox 1451 4305 1649 4359; x_wconf 73' lang='lat' dir='ltr'>necessitatem</span> 
     </span>
     <span class='ocr_line' id='line_1_41' title="bbox 199 4387 1650 4461; baseline 0.005 -22"><span class='ocrx_word' id='word_1_455' title='bbox 199 4387 381 4455; x_wconf 81' lang='lat' dir='ltr'>negligemus.</span> <span class='ocrx_word' id='word_1_456' title='bbox 400 4387 448 4439; x_wconf 90' lang='lat' dir='ltr'>sed</span> <span class='ocrx_word' id='word_1_457' title='bbox 467 4387 642 4455; x_wconf 80' lang='lat' dir='ltr'>operationes</span> <span class='ocrx_word' id='word_1_458' title='bbox 661 4394 770 4439; x_wconf 85' lang='lat' dir='ltr'>nostras</span> <span class='ocrx_word' id='word_1_459' title='bbox 795 4387 928 4439; x_wconf 88' lang='lat' dir='ltr'>sollicitas</span> <span class='ocrx_word' id='word_1_460' title='bbox 952 4387 1154 4447; x_wconf 87' lang='lat' dir='ltr'>adhibebimus.</span> <span class='ocrx_word' id='word_1_461' title='bbox 1177 4398 1208 4442; x_wconf 95' lang='lat' dir='ltr'>ut</span> <span class='ocrx_word' id='word_1_462' title='bbox 1226 4389 1312 4458; x_wconf 86' lang='lat' dir='ltr'>ipsius</span> <span class='ocrx_word' id='word_1_463' title='bbox 1329 4398 1419 4443; x_wconf 88' lang='lat' dir='ltr'>status</span> <span class='ocrx_word' id='word_1_464' title='bbox 1437 4408 1568 4461; x_wconf 88' lang='lat' dir='ltr'>prospere</span> <span class='ocrx_word' id='word_1_465' title='bbox 1588 4410 1650 4446; x_wconf 92' lang='lat' dir='ltr'>con·</span> 
     </span>
     <span class='ocr_line' id='line_1_42' title="bbox 199 4473 1651 4545; baseline 0.004 -18"><span class='ocrx_word' id='word_1_466' title='bbox 199 4483 324 4527; x_wconf 82' lang='lat' dir='ltr'>servetur</span> <span class='ocrx_word' id='word_1_467' title='bbox 341 4483 368 4526; x_wconf 90' lang='lat' dir='ltr'>et</span> <span class='ocrx_word' id='word_1_468' title='bbox 381 4474 514 4527; x_wconf 80' lang='lat' dir='ltr'>exaltetur</span> <span class='ocrx_word' id='word_1_469' title='bbox 526 4473 654 4526; x_wconf 78' lang='lat' dir='ltr'>felicibus</span> <span class='ocrx_word' id='word_1_470' title='bbox 672 4473 872 4529; x_wconf 75' lang='lat' dir='ltr'>instrumentis</span> <span class='ocrx_word' id='word_1_471' title='bbox 891 4482 921 4526; x_wconf 93' lang='lat' dir='ltr'>ut</span> <span class='ocrx_word' id='word_1_472' title='bbox 934 4474 1031 4527; x_wconf 80' lang='lat' dir='ltr'>exinde</span> <span class='ocrx_word' id='word_1_473' title='bbox 1045 4483 1073 4527; x_wconf 91' lang='lat' dir='ltr'>et</span> <span class='ocrx_word' id='word_1_474' title='bbox 1092 4491 1142 4527; x_wconf 85' lang='lat' dir='ltr'>vos</span> <span class='ocrx_word' id='word_1_475' title='bbox 1154 4475 1205 4527; x_wconf 86' lang='lat' dir='ltr'>sub</span> <span class='ocrx_word' id='word_1_476' title='bbox 1224 4476 1322 4529; x_wconf 81' lang='lat' dir='ltr'>umbra</span> <span class='ocrx_word' id='word_1_477' title='bbox 1333 4477 1412 4545; x_wconf 82' lang='lat' dir='ltr'>pacis</span> <span class='ocrx_word' id='word_1_478' title='bbox 1424 4479 1543 4532; x_wconf 83' lang='lat' dir='ltr'>creatori</span> <span class='ocrx_word' id='word_1_479' title='bbox 1556 4487 1651 4533; x_wconf 84' lang='lat' dir='ltr'>nostro</span> 
     </span>
     <span class='ocr_line' id='line_1_43' title="bbox 199 4560 1650 4632; baseline 0.006 -20"><span class='ocrx_word' id='word_1_480' title='bbox 199 4560 302 4614; x_wconf 82' lang='lat' dir='ltr'>servire</span> <span class='ocrx_word' id='word_1_481' title='bbox 321 4570 348 4614; x_wconf 91' lang='lat' dir='ltr'>et</span> <span class='ocrx_word' id='word_1_482' title='bbox 367 4560 539 4614; x_wconf 87' lang='lat' dir='ltr'>libertatibus</span> <span class='ocrx_word' id='word_1_483' title='bbox 563 4562 663 4614; x_wconf 84' lang='lat' dir='ltr'>vestris</span> <span class='ocrx_word' id='word_1_484' title='bbox 687 4561 887 4614; x_wconf 87' lang='lat' dir='ltr'>ecclesiasticis</span> <span class='ocrx_word' id='word_1_485' title='bbox 909 4561 1030 4628; x_wconf 85' lang='lat' dir='ltr'>gaudere</span> <span class='ocrx_word' id='word_1_486' title='bbox 1055 4562 1181 4615; x_wconf 79' lang='lat' dir='ltr'>valeatis</span> <span class='ocrx_word' id='word_1_487' title='bbox 1211 4563 1354 4632; x_wconf 86' lang='lat' dir='ltr'>Reliquam</span> <span class='ocrx_word' id='word_1_488' title='bbox 1380 4573 1504 4618; x_wconf 88' lang='lat' dir='ltr'>mentem</span> <span class='ocrx_word' id='word_1_489' title='bbox 1525 4575 1650 4620; x_wconf 74' lang='lat' dir='ltr'>nosuam</span> 
     </span>
     <span class='ocr_line' id='line_1_44' title="bbox 200 4647 1649 4717; baseline 0.006 -18"><span class='ocrx_word' id='word_1_490' title='bbox 200 4647 302 4700; x_wconf 90' lang='lat' dir='ltr'>bonam</span> <span class='ocrx_word' id='word_1_491' title='bbox 321 4658 349 4702; x_wconf 89' lang='lat' dir='ltr'>et</span> <span class='ocrx_word' id='word_1_492' title='bbox 367 4648 536 4717; x_wconf 85' lang='lat' dir='ltr'>propositum</span> <span class='ocrx_word' id='word_1_493' title='bbox 556 4649 584 4701; x_wconf 94' lang='lat' dir='ltr'>in</span> <span class='ocrx_word' id='word_1_494' title='bbox 603 4650 655 4701; x_wconf 88' lang='lat' dir='ltr'>hac</span> <span class='ocrx_word' id='word_1_495' title='bbox 674 4658 752 4717; x_wconf 91' lang='lat' dir='ltr'>parte</span> <span class='ocrx_word' id='word_1_496' title='bbox 770 4665 836 4716; x_wconf 67' lang='lat' dir='ltr'>erga</span> <span class='ocrx_word' id='word_1_497' title='bbox 850 4665 899 4700; x_wconf 81' lang='lat' dir='ltr'>vos</span> <span class='ocrx_word' id='word_1_498' title='bbox 917 4657 945 4701; x_wconf 88' lang='lat' dir='ltr'>et</span> <span class='ocrx_word' id='word_1_499' title='bbox 963 4650 1113 4702; x_wconf 89' lang='lat' dir='ltr'>ecclesiam</span> <span class='ocrx_word' id='word_1_500' title='bbox 1132 4658 1253 4703; x_wconf 83' lang='lat' dir='ltr'>vestram</span> <span class='ocrx_word' id='word_1_501' title='bbox 1272 4668 1305 4703; x_wconf 82' lang='lat' dir='ltr'>ex</span> <span class='ocrx_word' id='word_1_502' title='bbox 1317 4652 1394 4706; x_wconf 90' lang='lat' dir='ltr'>dicto</span> <span class='ocrx_word' id='word_1_503' title='bbox 1412 4661 1508 4706; x_wconf 84' lang='lat' dir='ltr'>vestro</span> <span class='ocrx_word' id='word_1_504' title='bbox 1527 4655 1649 4708; x_wconf 91' lang='lat' dir='ltr'>nunccio</span> 
     </span>
     <span class='ocr_line' id='line_1_45' title="bbox 199 4736 1651 4804; baseline 0.004 -16"><span class='ocrx_word' id='word_1_505' title='bbox 199 4736 282 4788; x_wconf 83' lang='lat' dir='ltr'>latius</span> <span class='ocrx_word' id='word_1_506' title='bbox 301 4736 468 4804; x_wconf 78' lang='lat' dir='ltr'>intelligetis</span> <span class='ocrx_word' id='word_1_507' title='bbox 488 4736 590 4788; x_wconf 87' lang='lat' dir='ltr'>Datum</span> <span class='ocrx_word' id='word_1_508' title='bbox 609 4736 702 4789; x_wconf 83' lang='lat' dir='ltr'>Budae</span> <span class='ocrx_word' id='word_1_509' title='bbox 716 4738 839 4789; x_wconf 87' lang='lat' dir='ltr'>secunda</span> <span class='ocrx_word' id='word_1_510' title='bbox 852 4737 897 4789; x_wconf 90' lang='lat' dir='ltr'>die</span> <span class='ocrx_word' id='word_1_511' title='bbox 910 4737 1067 4790; x_wconf 89' lang='lat' dir='ltr'>decembris</span> <span class='ocrx_word' id='word_1_512' title='bbox 1087 4754 1161 4791; x_wconf 90' lang='lat' dir='ltr'>anno</span> <span class='ocrx_word' id='word_1_513' title='bbox 1179 4738 1285 4792; x_wconf 89' lang='lat' dir='ltr'>domini</span> <span class='ocrx_word' id='word_1_514' title='bbox 1304 4748 1358 4793; x_wconf 74' lang='lat' dir='ltr'>etc„</span> <span class='ocrx_word' id='word_1_515' title='bbox 1378 4739 1547 4794; x_wconf 79' lang='lat' dir='ltr'>LXXXXI‘.</span> <span class='ocrx_word' id='word_1_516' title='bbox 1567 4743 1592 4795; x_wconf 94' lang='lat' dir='ltr'>V</span> <span class='ocrx_word' id='word_1_517' title='bbox 1606 4743 1651 4794; x_wconf 82' lang='lat' dir='ltr'>ho</span> 
     </span>
     <span class='ocr_line' id='line_1_46' title="bbox 202 4822 1217 4893; baseline 0.004 -19"><span class='ocrx_word' id='word_1_518' title='bbox 202 4822 294 4889; x_wconf 72' lang='lat' dir='ltr'>iejsim</span> <span class='ocrx_word' id='word_1_519' title='bbox 308 4824 419 4890; x_wconf 75' lang='lat' dir='ltr'>piarem</span> <span class='ocrx_word' id='word_1_520' title='bbox 438 4824 502 4890; x_wconf 90' lang='lat' dir='ltr'>cipu</span> <span class='ocrx_word' id='word_1_521' title='bbox 521 4824 665 4892; x_wconf 81' lang='lat' dir='ltr'>piipsrlno:</span> <span class='ocrx_word' id='word_1_522' title='bbox 684 4825 852 4875; x_wconf 80' lang='lat' dir='ltr'>Commissio</span> <span class='ocrx_word' id='word_1_523' title='bbox 871 4825 980 4893; x_wconf 80' lang='lat' dir='ltr'>propria</span> <span class='ocrx_word' id='word_1_524' title='bbox 998 4825 1104 4877; x_wconf 89' lang='lat' dir='ltr'>domini</span> <span class='ocrx_word' id='word_1_525' title='bbox 1124 4826 1217 4893; x_wconf 85' lang='lat' dir='ltr'>Regis.</span> 
     </span>
    </p>
   </div>
   <div class='ocr_carea' id='block_1_4' title="bbox 0 0 1855 5850">
    <p class='ocr_par' dir='ltr' id='par_1_4' title="bbox 0 0 1855 5850">
     <span class='ocr_line' id='line_1_47' title="bbox 0 0 1855 5850; baseline 0 0"><span class='ocrx_word' id='word_1_526' title='bbox 0 0 1855 5850; x_wconf 95' lang='lat' dir='ltr'> </span> 
     </span>
    </p>
   </div>
  </div>
 </body>
</html>
