<?xml version="1.0" encoding="UTF-8"?>
<!DOCTYPE html PUBLIC "-//W3C//DTD XHTML 1.0 Transitional//EN"
    "http://www.w3.org/TR/xhtml1/DTD/xhtml1-transitional.dtd">
<html xmlns="http://www.w3.org/1999/xhtml" xml:lang="en" lang="en">
 <head>
  <title>
</title>
<meta http-equiv="Content-Type" content="text/html;charset=utf-8" />
  <meta name='ocr-system' content='tesseract 3.04.00' />
  <meta name='ocr-capabilities' content='ocr_page ocr_carea ocr_par ocr_line ocrx_word'/>
</head>
<body>
  <div class='ocr_page' id='page_1' title='image "./listbohuslavaha00truhgoog_0200.png"; bbox 0 0 3696 5836; ppageno 0'>
   <div class='ocr_carea' id='block_1_1' title="bbox 887 359 977 418">
    <p class='ocr_par' dir='ltr' id='par_1_1' title="bbox 887 359 977 418">
     <span class='ocr_line' id='line_1_1' title="bbox 887 359 977 418; baseline -0.022 0"><span class='ocrx_word' id='word_1_1' title='bbox 887 359 977 418; x_wconf 76' lang='lat'><strong>1507.</strong></span> 
     </span>
    </p>
   </div>
   <div class='ocr_carea' id='block_1_2' title="bbox 182 569 1663 5344">
    <p class='ocr_par' dir='ltr' id='par_1_2' title="bbox 182 569 1663 5344">
     <span class='ocr_line' id='line_1_2' title="bbox 289 569 1663 653; baseline 0.001 -21"><span class='ocrx_word' id='word_1_2' title='bbox 289 569 454 632; x_wconf 91' lang='lat' dir='ltr'>Bernardo</span> <span class='ocrx_word' id='word_1_3' title='bbox 477 590 536 633; x_wconf 93' lang='lat' dir='ltr'>suo</span> <span class='ocrx_word' id='word_1_4' title='bbox 559 569 766 633; x_wconf 87' lang='lat' dir='ltr'>Adelmanno</span> <span class='ocrx_word' id='word_1_5' title='bbox 785 592 808 633; x_wconf 90' lang='lat' dir='ltr'>s.</span> <span class='ocrx_word' id='word_1_6' title='bbox 825 591 854 651; x_wconf 90' lang='lat' dir='ltr'>p.</span> <span class='ocrx_word' id='word_1_7' title='bbox 872 572 902 634; x_wconf 94' lang='lat' dir='ltr'>d.</span> <span class='ocrx_word' id='word_1_8' title='bbox 926 569 1029 653; x_wconf 88' lang='lat' dir='ltr'>Cupio</span> <span class='ocrx_word' id='word_1_9' title='bbox 1052 571 1180 634; x_wconf 89' lang='lat' dir='ltr'>duabus</span> <span class='ocrx_word' id='word_1_10' title='bbox 1201 574 1263 635; x_wconf 90' lang='lat' dir='ltr'>tuis</span> <span class='ocrx_word' id='word_1_11' title='bbox 1285 572 1429 651; x_wconf 90' lang='lat' dir='ltr'>epistolis</span> <span class='ocrx_word' id='word_1_12' title='bbox 1451 573 1663 653; x_wconf 88' lang='lat' dir='ltr'>respondere,</span> 
     </span>
     <span class='ocr_line' id='line_1_3' title="bbox 204 674 1661 760; baseline 0.001 -23"><span class='ocrx_word' id='word_1_13' title='bbox 204 674 366 737; x_wconf 88' lang='lat' dir='ltr'>Bernarde</span> <span class='ocrx_word' id='word_1_14' title='bbox 389 677 518 755; x_wconf 91' lang='lat' dir='ltr'>optime,</span> <span class='ocrx_word' id='word_1_15' title='bbox 535 675 592 738; x_wconf 90' lang='lat' dir='ltr'>sed</span> <span class='ocrx_word' id='word_1_16' title='bbox 607 676 682 737; x_wconf 88' lang='lat' dir='ltr'>nihil</span> <span class='ocrx_word' id='word_1_17' title='bbox 705 679 736 737; x_wconf 94' lang='lat' dir='ltr'>in</span> <span class='ocrx_word' id='word_1_18' title='bbox 759 687 901 738; x_wconf 85' lang='lat' dir='ltr'>mentem</span> <span class='ocrx_word' id='word_1_19' title='bbox 917 678 1008 751; x_wconf 89' lang='lat' dir='ltr'>venit,</span> <span class='ocrx_word' id='word_1_20' title='bbox 1024 675 1113 757; x_wconf 93' lang='lat' dir='ltr'>quod</span> <span class='ocrx_word' id='word_1_21' title='bbox 1137 676 1212 738; x_wconf 89' lang='lat' dir='ltr'>mihi</span> <span class='ocrx_word' id='word_1_22' title='bbox 1234 677 1412 739; x_wconf 82' lang='lat' dir='ltr'><strong>satisfaciat.</strong></span> <span class='ocrx_word' id='word_1_23' title='bbox 1436 676 1555 760; x_wconf 87' lang='lat' dir='ltr'>Neque</span> <span class='ocrx_word' id='word_1_24' title='bbox 1574 680 1661 739; x_wconf 89' lang='lat' dir='ltr'>enim</span> 
     </span>
     <span class='ocr_line' id='line_1_4' title="bbox 203 780 1662 862; baseline 0 -20"><span class='ocrx_word' id='word_1_25' title='bbox 203 792 342 842; x_wconf 81' lang='lat' dir='ltr'>statuere</span> <span class='ocrx_word' id='word_1_26' title='bbox 364 798 507 859; x_wconf 91' lang='lat' dir='ltr'>possum,</span> <span class='ocrx_word' id='word_1_27' title='bbox 530 780 748 843; x_wconf 88' lang='lat' dir='ltr'>delectatusne</span> <span class='ocrx_word' id='word_1_28' title='bbox 778 783 880 862; x_wconf 87' lang='lat' dir='ltr'>magis</span> <span class='ocrx_word' id='word_1_29' title='bbox 910 800 950 841; x_wconf 91' lang='lat' dir='ltr'>an</span> <span class='ocrx_word' id='word_1_30' title='bbox 981 780 1146 859; x_wconf 90' lang='lat' dir='ltr'>perculsus</span> <span class='ocrx_word' id='word_1_31' title='bbox 1175 780 1231 853; x_wconf 91' lang='lat' dir='ltr'>his,</span> <span class='ocrx_word' id='word_1_32' title='bbox 1254 799 1338 862; x_wconf 91' lang='lat' dir='ltr'>quae</span> <span class='ocrx_word' id='word_1_33' title='bbox 1361 780 1479 843; x_wconf 90' lang='lat' dir='ltr'>adme</span> <span class='ocrx_word' id='word_1_34' title='bbox 1502 782 1662 861; x_wconf 77' lang='lat' dir='ltr'><strong>scripsisti,</strong></span> 
     </span>
     <span class='ocr_line' id='line_1_5' title="bbox 203 883 1661 966; baseline 0.001 -21"><span class='ocrx_word' id='word_1_35' title='bbox 203 883 325 946; x_wconf 86' lang='lat' dir='ltr'>luerim.</span> <span class='ocrx_word' id='word_1_36' title='bbox 348 883 464 947; x_wconf 85' lang='lat' dir='ltr'>Utrum</span> <span class='ocrx_word' id='word_1_37' title='bbox 480 886 566 945; x_wconf 92' lang='lat' dir='ltr'>enim</span> <span class='ocrx_word' id='word_1_38' title='bbox 581 885 697 946; x_wconf 89' lang='lat' dir='ltr'>horum</span> <span class='ocrx_word' id='word_1_39' title='bbox 721 904 773 945; x_wconf 91' lang='lat' dir='ltr'>me</span> <span class='ocrx_word' id='word_1_40' title='bbox 797 904 926 962; x_wconf 89' lang='lat' dir='ltr'>passum</span> <span class='ocrx_word' id='word_1_41' title='bbox 950 886 1073 959; x_wconf 84' lang='lat' dir='ltr'>dixero,</span> <span class='ocrx_word' id='word_1_42' title='bbox 1090 886 1219 946; x_wconf 91' lang='lat' dir='ltr'>minime</span> <span class='ocrx_word' id='word_1_43' title='bbox 1234 885 1380 966; x_wconf 87' lang='lat' dir='ltr'>prolecto</span> <span class='ocrx_word' id='word_1_44' title='bbox 1396 887 1540 947; x_wconf 86' lang='lat' dir='ltr'>mentiar.</span> <span class='ocrx_word' id='word_1_45' title='bbox 1563 884 1661 965; x_wconf 83' lang='lat' dir='ltr'>Equi-</span> 
     </span>
     <span class='ocr_line' id='line_1_6' title="bbox 203 987 1660 1072; baseline 0.001 -23"><span class='ocrx_word' id='word_1_46' title='bbox 203 988 341 1063; x_wconf 90' lang='lat' dir='ltr'>demea,</span> <span class='ocrx_word' id='word_1_47' title='bbox 357 1007 440 1070; x_wconf 91' lang='lat' dir='ltr'>quae</span> <span class='ocrx_word' id='word_1_48' title='bbox 464 987 506 1049; x_wconf 91' lang='lat' dir='ltr'>de</span> <span class='ocrx_word' id='word_1_49' title='bbox 529 991 685 1068; x_wconf 90' lang='lat' dir='ltr'>perversis</span> <span class='ocrx_word' id='word_1_50' title='bbox 708 987 900 1050; x_wconf 88' lang='lat' dir='ltr'>Germaniae</span> <span class='ocrx_word' id='word_1_51' title='bbox 922 991 1065 1053; x_wconf 92' lang='lat' dir='ltr'>moribus</span> <span class='ocrx_word' id='word_1_52' title='bbox 1088 1009 1154 1051; x_wconf 95' lang='lat' dir='ltr'>non</span> <span class='ocrx_word' id='word_1_53' title='bbox 1179 991 1283 1051; x_wconf 91' lang='lat' dir='ltr'>minus</span> <span class='ocrx_word' id='word_1_54' title='bbox 1305 990 1357 1069; x_wconf 91' lang='lat' dir='ltr'>pie</span> <span class='ocrx_word' id='word_1_55' title='bbox 1380 1008 1479 1069; x_wconf 89' lang='lat' dir='ltr'>quam</span> <span class='ocrx_word' id='word_1_56' title='bbox 1495 989 1660 1072; x_wconf 84' lang='lat' dir='ltr'>eleganter</span> 
     </span>
     <span class='ocr_line' id='line_1_7' title="bbox 203 1090 1661 1175; baseline 0.001 -23"><span class='ocrx_word' id='word_1_57' title='bbox 203 1093 321 1167; x_wconf 92' lang='lat' dir='ltr'>scribis,</span> <span class='ocrx_word' id='word_1_58' title='bbox 337 1111 403 1154; x_wconf 93' lang='lat' dir='ltr'>non</span> <span class='ocrx_word' id='word_1_59' title='bbox 425 1095 494 1154; x_wconf 89' lang='lat' dir='ltr'>sine</span> <span class='ocrx_word' id='word_1_60' title='bbox 509 1092 624 1154; x_wconf 93' lang='lat' dir='ltr'>dolore</span> <span class='ocrx_word' id='word_1_61' title='bbox 647 1093 716 1175; x_wconf 84' lang='lat' dir='ltr'>legi</span> <span class='ocrx_word' id='word_1_62' title='bbox 740 1090 805 1154; x_wconf 89' lang='lat' dir='ltr'>Sed</span> <span class='ocrx_word' id='word_1_63' title='bbox 827 1095 936 1155; x_wconf 91' lang='lat' dir='ltr'>nescio</span> <span class='ocrx_word' id='word_1_64' title='bbox 959 1093 1129 1172; x_wconf 92' lang='lat' dir='ltr'>quomodo</span> <span class='ocrx_word' id='word_1_65' title='bbox 1152 1095 1257 1167; x_wconf 91' lang='lat' dir='ltr'>etiam,</span> <span class='ocrx_word' id='word_1_66' title='bbox 1273 1112 1357 1174; x_wconf 90' lang='lat' dir='ltr'>quae</span> <span class='ocrx_word' id='word_1_67' title='bbox 1380 1112 1447 1154; x_wconf 94' lang='lat' dir='ltr'>non</span> <span class='ocrx_word' id='word_1_68' title='bbox 1469 1094 1661 1174; x_wconf 86' lang='lat' dir='ltr'>probantur,</span> 
     </span>
     <span class='ocr_line' id='line_1_8' title="bbox 202 1195 1660 1278; baseline 0.001 -22"><span class='ocrx_word' id='word_1_69' title='bbox 202 1215 399 1278; x_wconf 83' lang='lat' dir='ltr'>cognoscere</span> <span class='ocrx_word' id='word_1_70' title='bbox 422 1196 599 1259; x_wconf 92' lang='lat' dir='ltr'>iucundum</span> <span class='ocrx_word' id='word_1_71' title='bbox 621 1195 687 1258; x_wconf 87' lang='lat' dir='ltr'>suit.</span> <span class='ocrx_word' id='word_1_72' title='bbox 711 1195 812 1259; x_wconf 89' lang='lat' dir='ltr'>Multa</span> <span class='ocrx_word' id='word_1_73' title='bbox 835 1207 921 1258; x_wconf 89' lang='lat' dir='ltr'>certe</span> <span class='ocrx_word' id='word_1_74' title='bbox 943 1196 1126 1260; x_wconf 90' lang='lat' dir='ltr'>huiusmodi</span> <span class='ocrx_word' id='word_1_75' title='bbox 1148 1199 1264 1277; x_wconf 91' lang='lat' dir='ltr'>partim</span> <span class='ocrx_word' id='word_1_76' title='bbox 1287 1196 1363 1258; x_wconf 92' lang='lat' dir='ltr'>mihi</span> <span class='ocrx_word' id='word_1_77' title='bbox 1386 1197 1468 1259; x_wconf 90' lang='lat' dir='ltr'>lecta</span> <span class='ocrx_word' id='word_1_78' title='bbox 1483 1197 1660 1278; x_wconf 90' lang='lat' dir='ltr'>auditaque</span> 
     </span>
     <span class='ocr_line' id='line_1_9' title="bbox 200 1298 1659 1381; baseline 0.001 -22"><span class='ocrx_word' id='word_1_79' title='bbox 200 1310 282 1374; x_wconf 91' lang='lat' dir='ltr'>sunt,</span> <span class='ocrx_word' id='word_1_80' title='bbox 299 1302 414 1378; x_wconf 90' lang='lat' dir='ltr'>partim</span> <span class='ocrx_word' id='word_1_81' title='bbox 429 1303 525 1362; x_wconf 91' lang='lat' dir='ltr'>etiam</span> <span class='ocrx_word' id='word_1_82' title='bbox 540 1301 614 1362; x_wconf 87' lang='lat' dir='ltr'>visa.</span> <span class='ocrx_word' id='word_1_83' title='bbox 637 1298 705 1362; x_wconf 87' lang='lat' dir='ltr'>Aut</span> <span class='ocrx_word' id='word_1_84' title='bbox 728 1303 813 1363; x_wconf 91' lang='lat' dir='ltr'>enim</span> <span class='ocrx_word' id='word_1_85' title='bbox 836 1300 973 1363; x_wconf 84' lang='lat' dir='ltr'>deterior</span> <span class='ocrx_word' id='word_1_86' title='bbox 995 1313 1044 1364; x_wconf 90' lang='lat' dir='ltr'>est</span> <span class='ocrx_word' id='word_1_87' title='bbox 1066 1304 1187 1381; x_wconf 86' lang='lat' dir='ltr'>patriae</span> <span class='ocrx_word' id='word_1_88' title='bbox 1210 1320 1301 1363; x_wconf 90' lang='lat' dir='ltr'>meae</span> <span class='ocrx_word' id='word_1_89' title='bbox 1320 1311 1430 1376; x_wconf 91' lang='lat' dir='ltr'>status,</span> <span class='ocrx_word' id='word_1_90' title='bbox 1445 1313 1502 1364; x_wconf 90' lang='lat' dir='ltr'>aut</span> <span class='ocrx_word' id='word_1_91' title='bbox 1523 1303 1659 1364; x_wconf 91' lang='lat' dir='ltr'>omnino</span> 
     </span>
     <span class='ocr_line' id='line_1_10' title="bbox 202 1403 1660 1488; baseline 0.001 -23"><span class='ocrx_word' id='word_1_92' title='bbox 202 1403 295 1476; x_wconf 91' lang='lat' dir='ltr'>idem,</span> <span class='ocrx_word' id='word_1_93' title='bbox 312 1407 495 1484; x_wconf 90' lang='lat' dir='ltr'>iustumque</span> <span class='ocrx_word' id='word_1_94' title='bbox 510 1415 595 1467; x_wconf 90' lang='lat' dir='ltr'>esset</span> <span class='ocrx_word' id='word_1_95' title='bbox 618 1405 680 1466; x_wconf 85' lang='lat' dir='ltr'>iam</span> <span class='ocrx_word' id='word_1_96' title='bbox 703 1404 820 1466; x_wconf 89' lang='lat' dir='ltr'>callum</span> <span class='ocrx_word' id='word_1_97' title='bbox 843 1405 1020 1482; x_wconf 90' lang='lat' dir='ltr'>obducere;</span> <span class='ocrx_word' id='word_1_98' title='bbox 1045 1408 1172 1486; x_wconf 90' lang='lat' dir='ltr'>quoties</span> <span class='ocrx_word' id='word_1_99' title='bbox 1194 1417 1302 1469; x_wconf 92' lang='lat' dir='ltr'>tamen</span> <span class='ocrx_word' id='word_1_100' title='bbox 1326 1407 1491 1487; x_wconf 89' lang='lat' dir='ltr'>quippiam</span> <span class='ocrx_word' id='word_1_101' title='bbox 1507 1406 1539 1468; x_wconf 93' lang='lat' dir='ltr'>id</span> <span class='ocrx_word' id='word_1_102' title='bbox 1555 1425 1660 1488; x_wconf 86' lang='lat' dir='ltr'>genus</span> 
     </span>
     <span class='ocr_line' id='line_1_11' title="bbox 201 1485 1658 1588; baseline 0.002 -20"><span class='ocrx_word' id='word_1_103' title='bbox 201 1507 242 1568; x_wconf 90' lang='lat' dir='ltr'>de</span> <span class='ocrx_word' id='word_1_104' title='bbox 258 1508 435 1570; x_wconf 90' lang='lat' dir='ltr'>christianis</span> <span class='ocrx_word' id='word_1_105' title='bbox 457 1485 641 1570; x_wconf 72' lang='lat' dir='ltr'>nationibus</span> <span class='ocrx_word' id='word_1_106' title='bbox 664 1507 769 1581; x_wconf 90' lang='lat' dir='ltr'>audio,</span> <span class='ocrx_word' id='word_1_107' title='bbox 785 1527 950 1588; x_wconf 91' lang='lat' dir='ltr'>nunquam</span> <span class='ocrx_word' id='word_1_108' title='bbox 973 1508 1056 1570; x_wconf 91' lang='lat' dir='ltr'>adeo</span> <span class='ocrx_word' id='word_1_109' title='bbox 1079 1520 1227 1571; x_wconf 86' lang='lat' dir='ltr'>constare</span> <span class='ocrx_word' id='word_1_110' title='bbox 1249 1511 1358 1571; x_wconf 90' lang='lat' dir='ltr'>animo</span> <span class='ocrx_word' id='word_1_111' title='bbox 1381 1527 1525 1587; x_wconf 91' lang='lat' dir='ltr'>possum,</span> <span class='ocrx_word' id='word_1_112' title='bbox 1541 1521 1658 1571; x_wconf 90' lang='lat' dir='ltr'>utnon</span> 
     </span>
     <span class='ocr_line' id='line_1_12' title="bbox 201 1611 1659 1693; baseline 0.002 -20"><span class='ocrx_word' id='word_1_113' title='bbox 201 1631 423 1687; x_wconf 91' lang='lat' dir='ltr'>commovear;</span> <span class='ocrx_word' id='word_1_114' title='bbox 454 1615 667 1692; x_wconf 90' lang='lat' dir='ltr'>nequeenim</span> <span class='ocrx_word' id='word_1_115' title='bbox 698 1613 774 1674; x_wconf 91' lang='lat' dir='ltr'>mihi</span> <span class='ocrx_word' id='word_1_116' title='bbox 804 1631 920 1674; x_wconf 91' lang='lat' dir='ltr'>comea</span> <span class='ocrx_word' id='word_1_117' title='bbox 951 1612 1031 1675; x_wconf 93' lang='lat' dir='ltr'>fibra</span> <span class='ocrx_word' id='word_1_118' title='bbox 1054 1632 1197 1693; x_wconf 90' lang='lat' dir='ltr'>unquam</span> <span class='ocrx_word' id='word_1_119' title='bbox 1220 1611 1276 1674; x_wconf 79' lang='lat' dir='ltr'>fuit</span> <span class='ocrx_word' id='word_1_120' title='bbox 1316 1611 1449 1692; x_wconf 84' lang='lat' dir='ltr'>Quodsi,</span> <span class='ocrx_word' id='word_1_121' title='bbox 1473 1623 1508 1674; x_wconf 88' lang='lat' dir='ltr'>ut</span> <span class='ocrx_word' id='word_1_122' title='bbox 1532 1613 1584 1674; x_wconf 93' lang='lat' dir='ltr'>ille</span> <span class='ocrx_word' id='word_1_123' title='bbox 1607 1615 1659 1688; x_wconf 92' lang='lat' dir='ltr'>ait,</span> 
     </span>
     <span class='ocr_line' id='line_1_13' title="bbox 202 1716 1659 1798; baseline 0.001 -21"><span class='ocrx_word' id='word_1_124' title='bbox 202 1717 273 1796; x_wconf 91' lang='lat' dir='ltr'>plus</span> <span class='ocrx_word' id='word_1_125' title='bbox 295 1728 343 1778; x_wconf 91' lang='lat' dir='ltr'>est</span> <span class='ocrx_word' id='word_1_126' title='bbox 366 1717 502 1778; x_wconf 92' lang='lat' dir='ltr'>Romani</span> <span class='ocrx_word' id='word_1_127' title='bbox 526 1718 641 1798; x_wconf 90' lang='lat' dir='ltr'>ingenii</span> <span class='ocrx_word' id='word_1_128' title='bbox 664 1716 744 1778; x_wconf 88' lang='lat' dir='ltr'>fines</span> <span class='ocrx_word' id='word_1_129' title='bbox 766 1719 965 1795; x_wconf 87' lang='lat' dir='ltr'>promovisse</span> <span class='ocrx_word' id='word_1_130' title='bbox 994 1735 1092 1798; x_wconf 92' lang='lat' dir='ltr'>quam</span> <span class='ocrx_word' id='word_1_131' title='bbox 1114 1719 1243 1798; x_wconf 91' lang='lat' dir='ltr'>impen&#39;i,</span> <span class='ocrx_word' id='word_1_132' title='bbox 1266 1736 1333 1779; x_wconf 95' lang='lat' dir='ltr'>non</span> <span class='ocrx_word' id='word_1_133' title='bbox 1356 1730 1421 1780; x_wconf 91' lang='lat' dir='ltr'>tam</span> <span class='ocrx_word' id='word_1_134' title='bbox 1444 1728 1540 1796; x_wconf 88' lang='lat' dir='ltr'>turpe</span> <span class='ocrx_word' id='word_1_135' title='bbox 1562 1717 1659 1779; x_wconf 90' lang='lat' dir='ltr'>nobis</span> 
     </span>
     <span class='ocr_line' id='line_1_14' title="bbox 182 1819 1659 1902; baseline 0.001 -21"><span class='ocrx_word' id='word_1_136' title='bbox 182 1822 258 1882; x_wconf 81' lang='lat' dir='ltr'>&#39;erit</span> <span class='ocrx_word' id='word_1_137' title='bbox 273 1822 416 1882; x_wconf 90' lang='lat' dir='ltr'>amisisse</span> <span class='ocrx_word' id='word_1_138' title='bbox 438 1822 606 1899; x_wconf 89' lang='lat' dir='ltr'>imperium</span> <span class='ocrx_word' id='word_1_139' title='bbox 627 1839 725 1900; x_wconf 92' lang='lat' dir='ltr'>quam</span> <span class='ocrx_word' id='word_1_140' title='bbox 748 1819 845 1881; x_wconf 93' lang='lat' dir='ltr'>fidem</span> <span class='ocrx_word' id='word_1_141' title='bbox 868 1822 1154 1902; x_wconf 84' lang='lat' dir='ltr'>integritatemque,</span> <span class='ocrx_word' id='word_1_142' title='bbox 1170 1822 1287 1902; x_wconf 92' lang='lat' dir='ltr'>quibus</span> <span class='ocrx_word' id='word_1_143' title='bbox 1309 1824 1389 1883; x_wconf 92' lang='lat' dir='ltr'>inter</span> <span class='ocrx_word' id='word_1_144' title='bbox 1412 1821 1493 1883; x_wconf 91' lang='lat' dir='ltr'>alios</span> <span class='ocrx_word' id='word_1_145' title='bbox 1517 1822 1659 1901; x_wconf 89' lang='lat' dir='ltr'>populos</span> 
     </span>
     <span class='ocr_line' id='line_1_15' title="bbox 203 1925 1658 2005; baseline 0.001 -20"><span class='ocrx_word' id='word_1_146' title='bbox 203 1926 356 2003; x_wconf 89' lang='lat' dir='ltr'>imprimis</span> <span class='ocrx_word' id='word_1_147' title='bbox 378 1926 534 1987; x_wconf 83' lang='lat' dir='ltr'>excellere</span> <span class='ocrx_word' id='word_1_148' title='bbox 564 1936 662 2005; x_wconf 90' lang='lat' dir='ltr'>atque</span> <span class='ocrx_word' id='word_1_149' title='bbox 691 1936 852 2004; x_wconf 88' lang='lat' dir='ltr'>praestare</span> <span class='ocrx_word' id='word_1_150' title='bbox 873 1925 1028 1986; x_wconf 91' lang='lat' dir='ltr'>hactenus</span> <span class='ocrx_word' id='word_1_151' title='bbox 1051 1927 1107 1987; x_wconf 93' lang='lat' dir='ltr'>visi</span> <span class='ocrx_word' id='word_1_152' title='bbox 1136 1944 1256 1987; x_wconf 91' lang='lat' dir='ltr'>sumus.</span> <span class='ocrx_word' id='word_1_153' title='bbox 1288 1925 1369 1987; x_wconf 91' lang='lat' dir='ltr'>lllud</span> <span class='ocrx_word' id='word_1_154' title='bbox 1398 1929 1484 1987; x_wconf 89' lang='lat' dir='ltr'>enirn</span> <span class='ocrx_word' id='word_1_155' title='bbox 1511 1925 1658 1988; x_wconf 80' lang='lat' dir='ltr'>fortunae</span> 
     </span>
     <span class='ocr_line' id='line_1_16' title="bbox 203 2028 1659 2109; baseline 0.002 -20"><span class='ocrx_word' id='word_1_156' title='bbox 203 2029 340 2090; x_wconf 88' lang='lat' dir='ltr'>adscribi</span> <span class='ocrx_word' id='word_1_157' title='bbox 364 2040 479 2107; x_wconf 90' lang='lat' dir='ltr'>potest,</span> <span class='ocrx_word' id='word_1_158' title='bbox 502 2028 565 2089; x_wconf 92' lang='lat' dir='ltr'>hoc</span> <span class='ocrx_word' id='word_1_159' title='bbox 587 2030 790 2107; x_wconf 87' lang='lat' dir='ltr'>improbitate</span> <span class='ocrx_word' id='word_1_160' title='bbox 813 2040 922 2091; x_wconf 91' lang='lat' dir='ltr'>nostra</span> <span class='ocrx_word' id='word_1_161' title='bbox 945 2029 1129 2109; x_wconf 88' lang='lat' dir='ltr'>scelereque</span> <span class='ocrx_word' id='word_1_162' title='bbox 1152 2030 1295 2092; x_wconf 90' lang='lat' dir='ltr'>accidere</span> <span class='ocrx_word' id='word_1_163' title='bbox 1318 2049 1450 2093; x_wconf 91' lang='lat' dir='ltr'>necesse</span> <span class='ocrx_word' id='word_1_164' title='bbox 1472 2041 1530 2092; x_wconf 88' lang='lat' dir='ltr'>est.</span> <span class='ocrx_word' id='word_1_165' title='bbox 1566 2029 1659 2092; x_wconf 90' lang='lat' dir='ltr'>Haec</span> 
     </span>
     <span class='ocr_line' id='line_1_17' title="bbox 203 2132 1657 2216; baseline 0.002 -23"><span class='ocrx_word' id='word_1_166' title='bbox 203 2134 253 2194; x_wconf 89' lang='lat' dir='ltr'>alii</span> <span class='ocrx_word' id='word_1_167' title='bbox 277 2135 348 2194; x_wconf 86' lang='lat' dir='ltr'>fatis</span> <span class='ocrx_word' id='word_1_168' title='bbox 370 2146 402 2195; x_wconf 91' lang='lat' dir='ltr'>et</span> <span class='ocrx_word' id='word_1_169' title='bbox 425 2145 584 2212; x_wconf 92' lang='lat' dir='ltr'>perpetuo</span> <span class='ocrx_word' id='word_1_170' title='bbox 607 2132 752 2212; x_wconf 92' lang='lat' dir='ltr'>quodam</span> <span class='ocrx_word' id='word_1_171' title='bbox 775 2153 944 2195; x_wconf 87' lang='lat' dir='ltr'>causamm</span> <span class='ocrx_word' id='word_1_172' title='bbox 966 2135 1133 2198; x_wconf 89' lang='lat' dir='ltr'>latentium</span> <span class='ocrx_word' id='word_1_173' title='bbox 1156 2154 1244 2196; x_wconf 83' lang='lat' dir='ltr'>nexu</span> <span class='ocrx_word' id='word_1_174' title='bbox 1267 2137 1392 2197; x_wconf 90' lang='lat' dir='ltr'>evenire</span> <span class='ocrx_word' id='word_1_175' title='bbox 1415 2135 1566 2198; x_wconf 91' lang='lat' dir='ltr'>credunt:</span> <span class='ocrx_word' id='word_1_176' title='bbox 1593 2152 1657 2216; x_wconf 86' lang='lat' dir='ltr'>ego</span> 
     </span>
     <span class='ocr_line' id='line_1_18' title="bbox 204 2236 1657 2320; baseline 0.002 -23"><span class='ocrx_word' id='word_1_177' title='bbox 204 2257 288 2311; x_wconf 93' lang='lat' dir='ltr'>vero,</span> <span class='ocrx_word' id='word_1_178' title='bbox 312 2251 346 2299; x_wconf 92' lang='lat' dir='ltr'>ut</span> <span class='ocrx_word' id='word_1_179' title='bbox 370 2248 483 2298; x_wconf 91' lang='lat' dir='ltr'>cuncta</span> <span class='ocrx_word' id='word_1_180' title='bbox 506 2237 612 2299; x_wconf 90' lang='lat' dir='ltr'>divina</span> <span class='ocrx_word' id='word_1_181' title='bbox 634 2236 834 2317; x_wconf 90' lang='lat' dir='ltr'>providentia</span> <span class='ocrx_word' id='word_1_182' title='bbox 863 2240 929 2319; x_wconf 88' lang='lat' dir='ltr'>regi</span> <span class='ocrx_word' id='word_1_183' title='bbox 952 2248 1136 2301; x_wconf 88' lang='lat' dir='ltr'>constanter</span> <span class='ocrx_word' id='word_1_184' title='bbox 1157 2238 1388 2314; x_wconf 85' lang='lat' dir='ltr'>affirmaverim,</span> <span class='ocrx_word' id='word_1_185' title='bbox 1411 2241 1454 2302; x_wconf 91' lang='lat' dir='ltr'>ita</span> <span class='ocrx_word' id='word_1_186' title='bbox 1476 2241 1657 2320; x_wconf 90' lang='lat' dir='ltr'>principum</span> 
     </span>
     <span class='ocr_line' id='line_1_19' title="bbox 205 2341 1658 2425; baseline 0.001 -23"><span class='ocrx_word' id='word_1_187' title='bbox 205 2345 362 2423; x_wconf 87' lang='lat' dir='ltr'>ignaviam</span> <span class='ocrx_word' id='word_1_188' title='bbox 386 2343 556 2420; x_wconf 91' lang='lat' dir='ltr'>plurimum</span> <span class='ocrx_word' id='word_1_189' title='bbox 587 2342 732 2404; x_wconf 90' lang='lat' dir='ltr'>moribus</span> <span class='ocrx_word' id='word_1_190' title='bbox 761 2345 878 2404; x_wconf 88' lang='lat' dir='ltr'>nostris</span> <span class='ocrx_word' id='word_1_191' title='bbox 907 2341 1130 2405; x_wconf 88' lang='lat' dir='ltr'>contenderim</span> <span class='ocrx_word' id='word_1_192' title='bbox 1161 2342 1299 2418; x_wconf 90' lang='lat' dir='ltr'>officere,</span> <span class='ocrx_word' id='word_1_193' title='bbox 1322 2363 1438 2424; x_wconf 92' lang='lat' dir='ltr'>nempe</span> <span class='ocrx_word' id='word_1_194' title='bbox 1460 2343 1549 2423; x_wconf 93' lang='lat' dir='ltr'>apud</span> <span class='ocrx_word' id='word_1_195' title='bbox 1574 2363 1658 2425; x_wconf 92' lang='lat' dir='ltr'>quos</span> 
     </span>
     <span class='ocr_line' id='line_1_20' title="bbox 204 2444 1657 2529; baseline 0.003 -23"><span class='ocrx_word' id='word_1_196' title='bbox 204 2446 275 2525; x_wconf 91' lang='lat' dir='ltr'>plus</span> <span class='ocrx_word' id='word_1_197' title='bbox 298 2446 457 2509; x_wconf 92' lang='lat' dir='ltr'>interdum</span> <span class='ocrx_word' id='word_1_198' title='bbox 480 2447 676 2509; x_wconf 87' lang='lat' dir='ltr'>auctoritatis</span> <span class='ocrx_word' id='word_1_199' title='bbox 698 2458 865 2508; x_wconf 90' lang='lat' dir='ltr'>venatores</span> <span class='ocrx_word' id='word_1_200' title='bbox 887 2444 1160 2526; x_wconf 87' lang='lat' dir='ltr'>perductoresque</span> <span class='ocrx_word' id='word_1_201' title='bbox 1183 2467 1281 2528; x_wconf 92' lang='lat' dir='ltr'>quam</span> <span class='ocrx_word' id='word_1_202' title='bbox 1304 2449 1463 2510; x_wconf 89' lang='lat' dir='ltr'>literarum</span> <span class='ocrx_word' id='word_1_203' title='bbox 1487 2450 1579 2529; x_wconf 87' lang='lat' dir='ltr'>periti</span> <span class='ocrx_word' id='word_1_204' title='bbox 1602 2449 1657 2511; x_wconf 88' lang='lat' dir='ltr'>lra-</span> 
     </span>
     <span class='ocr_line' id='line_1_21' title="bbox 199 2536 1654 2632; baseline 0.003 -22"><span class='ocrx_word' id='word_1_205' title='bbox 199 2551 283 2612; x_wconf 90' lang='lat' dir='ltr'>bent.</span> <span class='ocrx_word' id='word_1_206' title='bbox 316 2536 522 2611; x_wconf 83' lang='lat' dir='ltr'>Arbitrantur</span> <span class='ocrx_word' id='word_1_207' title='bbox 551 2549 592 2610; x_wconf 92' lang='lat' dir='ltr'>illi</span> <span class='ocrx_word' id='word_1_208' title='bbox 622 2549 753 2629; x_wconf 89' lang='lat' dir='ltr'>quidem</span> <span class='ocrx_word' id='word_1_209' title='bbox 784 2569 818 2610; x_wconf 91' lang='lat' dir='ltr'>se</span> <span class='ocrx_word' id='word_1_210' title='bbox 848 2562 949 2610; x_wconf 88' lang='lat' dir='ltr'>artem</span> <span class='ocrx_word' id='word_1_211' title='bbox 980 2550 1120 2628; x_wconf 90' lang='lat' dir='ltr'>populos</span> <span class='ocrx_word' id='word_1_212' title='bbox 1149 2552 1352 2632; x_wconf 90' lang='lat' dir='ltr'>gubernandi</span> <span class='ocrx_word' id='word_1_213' title='bbox 1381 2562 1497 2624; x_wconf 90' lang='lat' dir='ltr'>tencre,</span> <span class='ocrx_word' id='word_1_214' title='bbox 1522 2551 1581 2613; x_wconf 89' lang='lat' dir='ltr'>sed</span> <span class='ocrx_word' id='word_1_215' title='bbox 1612 2572 1654 2615; x_wconf 91' lang='lat' dir='ltr'>ne</span> 
     </span>
     <span class='ocr_line' id='line_1_22' title="bbox 198 2652 1655 2740; baseline 0.003 -26"><span class='ocrx_word' id='word_1_216' title='bbox 198 2656 306 2732; x_wconf 87' lang='lat' dir='ltr'>primis</span> <span class='ocrx_word' id='word_1_217' title='bbox 329 2655 459 2733; x_wconf 89' lang='lat' dir='ltr'>quidem</span> <span class='ocrx_word' id='word_1_218' title='bbox 485 2653 580 2715; x_wconf 89' lang='lat' dir='ltr'>labris</span> <span class='ocrx_word' id='word_1_219' title='bbox 603 2672 674 2714; x_wconf 93' lang='lat' dir='ltr'>eam</span> <span class='ocrx_word' id='word_1_220' title='bbox 699 2665 915 2736; x_wconf 89' lang='lat' dir='ltr'>gustaverunt.</span> <span class='ocrx_word' id='word_1_221' title='bbox 946 2652 1062 2734; x_wconf 87' lang='lat' dir='ltr'>Neque</span> <span class='ocrx_word' id='word_1_222' title='bbox 1084 2657 1169 2740; x_wconf 89' lang='lat' dir='ltr'>enim</span> <span class='ocrx_word' id='word_1_223' title='bbox 1193 2657 1274 2718; x_wconf 91' lang='lat' dir='ltr'>inter</span> <span class='ocrx_word' id='word_1_224' title='bbox 1297 2667 1532 2718; x_wconf 89' lang='lat' dir='ltr'>assentatorum</span> <span class='ocrx_word' id='word_1_225' title='bbox 1556 2676 1655 2718; x_wconf 91' lang='lat' dir='ltr'>voces</span> 
     </span>
     <span class='ocr_line' id='line_1_23' title="bbox 197 2757 1654 2843; baseline 0.001 -23"><span class='ocrx_word' id='word_1_226' title='bbox 197 2763 228 2821; x_wconf 88' lang='lat' dir='ltr'>e&#39;t</span> <span class='ocrx_word' id='word_1_227' title='bbox 252 2758 451 2838; x_wconf 90' lang='lat' dir='ltr'>voluptatum</span> <span class='ocrx_word' id='word_1_228' title='bbox 482 2757 647 2819; x_wconf 89' lang='lat' dir='ltr'>illecebras</span> <span class='ocrx_word' id='word_1_229' title='bbox 676 2758 815 2833; x_wconf 91' lang='lat' dir='ltr'>discitur,</span> <span class='ocrx_word' id='word_1_230' title='bbox 838 2758 895 2820; x_wconf 89' lang='lat' dir='ltr'>sed</span> <span class='ocrx_word' id='word_1_231' title='bbox 927 2758 1033 2820; x_wconf 90' lang='lat' dir='ltr'>multis</span> <span class='ocrx_word' id='word_1_232' title='bbox 1062 2761 1152 2834; x_wconf 89' lang='lat' dir='ltr'>curis,</span> <span class='ocrx_word' id='word_1_233' title='bbox 1176 2763 1299 2843; x_wconf 89' lang='lat' dir='ltr'>magnis</span> <span class='ocrx_word' id='word_1_234' title='bbox 1325 2760 1497 2833; x_wconf 91' lang='lat' dir='ltr'>laboribus,</span> <span class='ocrx_word' id='word_1_235' title='bbox 1520 2760 1654 2822; x_wconf 91' lang='lat' dir='ltr'>assiduo</span> 
     </span>
     <span class='ocr_line' id='line_1_24' title="bbox 197 2863 1655 2944; baseline 0.001 -21"><span class='ocrx_word' id='word_1_236' title='bbox 197 2863 305 2924; x_wconf 91' lang='lat' dir='ltr'>studio</span> <span class='ocrx_word' id='word_1_237' title='bbox 328 2864 499 2941; x_wconf 89' lang='lat' dir='ltr'>quaeritur,</span> <span class='ocrx_word' id='word_1_238' title='bbox 522 2881 606 2941; x_wconf 91' lang='lat' dir='ltr'>quae</span> <span class='ocrx_word' id='word_1_239' title='bbox 627 2864 678 2923; x_wconf 92' lang='lat' dir='ltr'>isti</span> <span class='ocrx_word' id='word_1_240' title='bbox 701 2865 936 2943; x_wconf 91' lang='lat' dir='ltr'>provinciarum</span> <span class='ocrx_word' id='word_1_241' title='bbox 968 2875 1108 2926; x_wconf 91' lang='lat' dir='ltr'>rectores</span> <span class='ocrx_word' id='word_1_242' title='bbox 1139 2865 1232 2944; x_wconf 89' lang='lat' dir='ltr'>quasi</span> <span class='ocrx_word' id='word_1_243' title='bbox 1258 2877 1381 2943; x_wconf 90' lang='lat' dir='ltr'>pestem</span> <span class='ocrx_word' id='word_1_244' title='bbox 1408 2863 1575 2944; x_wconf 89' lang='lat' dir='ltr'>quandam</span> <span class='ocrx_word' id='word_1_245' title='bbox 1598 2863 1655 2925; x_wconf 89' lang='lat' dir='ltr'>de·</span> 
     </span>
     <span class='ocr_line' id='line_1_25' title="bbox 197 2965 1655 3051; baseline 0.001 -23"><span class='ocrx_word' id='word_1_246' title='bbox 197 2969 326 3048; x_wconf 85' lang='lat' dir='ltr'>lugiunt.</span> <span class='ocrx_word' id='word_1_247' title='bbox 363 2965 479 3046; x_wconf 91' lang='lat' dir='ltr'>Neque</span> <span class='ocrx_word' id='word_1_248' title='bbox 509 2966 585 3026; x_wconf 91' lang='lat' dir='ltr'>item</span> <span class='ocrx_word' id='word_1_249' title='bbox 616 2966 657 3026; x_wconf 89' lang='lat' dir='ltr'>ab</span> <span class='ocrx_word' id='word_1_250' title='bbox 689 2965 749 3028; x_wconf 91' lang='lat' dir='ltr'>hac</span> <span class='ocrx_word' id='word_1_251' title='bbox 779 2967 873 3047; x_wconf 89' lang='lat' dir='ltr'>culpa</span> <span class='ocrx_word' id='word_1_252' title='bbox 903 2966 1136 3030; x_wconf 90' lang='lat' dir='ltr'>ecclesiasticos</span> <span class='ocrx_word' id='word_1_253' title='bbox 1166 2970 1276 3029; x_wconf 82' lang='lat' dir='ltr'>eximo</span> <span class='ocrx_word' id='word_1_254' title='bbox 1307 2966 1427 3051; x_wconf 85' lang='lat' dir='ltr'>(tecum</span> <span class='ocrx_word' id='word_1_255' title='bbox 1457 2971 1544 3030; x_wconf 91' lang='lat' dir='ltr'>enim</span> <span class='ocrx_word' id='word_1_256' title='bbox 1577 2969 1655 3031; x_wconf 87' lang='lat' dir='ltr'>mihi</span> 
     </span>
     <span class='ocr_line' id='line_1_26' title="bbox 196 3069 1657 3155; baseline 0.001 -22"><span class='ocrx_word' id='word_1_257' title='bbox 196 3092 302 3133; x_wconf 89' lang='lat' dir='ltr'>sermo</span> <span class='ocrx_word' id='word_1_258' title='bbox 325 3080 382 3144; x_wconf 90' lang='lat' dir='ltr'>est,</span> <span class='ocrx_word' id='word_1_259' title='bbox 406 3090 502 3150; x_wconf 92' lang='lat' dir='ltr'>quem</span> <span class='ocrx_word' id='word_1_260' title='bbox 526 3072 634 3133; x_wconf 89' lang='lat' dir='ltr'>omnia</span> <span class='ocrx_word' id='word_1_261' title='bbox 658 3072 688 3130; x_wconf 89' lang='lat' dir='ltr'>in</span> <span class='ocrx_word' id='word_1_262' title='bbox 713 3069 861 3133; x_wconf 89' lang='lat' dir='ltr'>dextram</span> <span class='ocrx_word' id='word_1_263' title='bbox 892 3081 1015 3151; x_wconf 90' lang='lat' dir='ltr'>partem</span> <span class='ocrx_word' id='word_1_264' title='bbox 1045 3084 1250 3152; x_wconf 89' lang='lat' dir='ltr'>accepturum</span> <span class='ocrx_word' id='word_1_265' title='bbox 1278 3084 1366 3135; x_wconf 90' lang='lat' dir='ltr'>certo</span> <span class='ocrx_word' id='word_1_266' title='bbox 1389 3070 1477 3155; x_wconf 89' lang='lat' dir='ltr'>scio).</span> <span class='ocrx_word' id='word_1_267' title='bbox 1511 3070 1546 3135; x_wconf 91' lang='lat' dir='ltr'>Si</span> <span class='ocrx_word' id='word_1_268' title='bbox 1571 3076 1657 3135; x_wconf 91' lang='lat' dir='ltr'>enim</span> 
     </span>
     <span class='ocr_line' id='line_1_27' title="bbox 196 3175 1655 3255; baseline 0.003 -20"><span class='ocrx_word' id='word_1_269' title='bbox 196 3188 319 3238; x_wconf 88' lang='lat' dir='ltr'>veteres</span> <span class='ocrx_word' id='word_1_270' title='bbox 352 3175 393 3237; x_wconf 90' lang='lat' dir='ltr'>illi</span> <span class='ocrx_word' id='word_1_271' title='bbox 423 3175 576 3239; x_wconf 88' lang='lat' dir='ltr'>Germani</span> <span class='ocrx_word' id='word_1_272' title='bbox 610 3176 829 3237; x_wconf 88' lang='lat' dir='ltr'>reviviscerent</span> <span class='ocrx_word' id='word_1_273' title='bbox 864 3175 1014 3249; x_wconf 82' lang='lat' dir='ltr'>fortassis,</span> <span class='ocrx_word' id='word_1_274' title='bbox 1044 3176 1323 3255; x_wconf 91' lang='lat' dir='ltr'>quemadmodum</span> <span class='ocrx_word' id='word_1_275' title='bbox 1357 3175 1471 3250; x_wconf 88' lang='lat' dir='ltr'>Caroli,</span> <span class='ocrx_word' id='word_1_276' title='bbox 1502 3175 1655 3251; x_wconf 79' lang='lat' dir='ltr'>OttoneS,</span> 
     </span>
     <span class='ocr_line' id='line_1_28' title="bbox 197 3278 1656 3361; baseline 0.002 -21"><span class='ocrx_word' id='word_1_277' title='bbox 197 3279 325 3340; x_wconf 90' lang='lat' dir='ltr'>Henrici</span> <span class='ocrx_word' id='word_1_278' title='bbox 349 3279 391 3341; x_wconf 93' lang='lat' dir='ltr'>dc</span> <span class='ocrx_word' id='word_1_279' title='bbox 414 3279 634 3340; x_wconf 85' lang='lat' dir='ltr'>Maximiliano</span> <span class='ocrx_word' id='word_1_280' title='bbox 658 3281 856 3359; x_wconf 89' lang='lat' dir='ltr'>imperatore,</span> <span class='ocrx_word' id='word_1_281' title='bbox 880 3282 922 3341; x_wconf 91' lang='lat' dir='ltr'>ita</span> <span class='ocrx_word' id='word_1_282' title='bbox 945 3278 1135 3353; x_wconf 85' lang='lat' dir='ltr'>Bonifacius,</span> <span class='ocrx_word' id='word_1_283' title='bbox 1159 3279 1313 3354; x_wconf 78' lang='lat' dir='ltr'>KilianuS,</span> <span class='ocrx_word' id='word_1_284' title='bbox 1337 3280 1461 3343; x_wconf 89' lang='lat' dir='ltr'>Ulricus</span> <span class='ocrx_word' id='word_1_285' title='bbox 1485 3279 1526 3341; x_wconf 92' lang='lat' dir='ltr'>de</span> <span class='ocrx_word' id='word_1_286' title='bbox 1550 3283 1656 3361; x_wconf 84' lang='lat' dir='ltr'>ponti·</span> 
     </span>
     <span class='ocr_line' id='line_1_29' title="bbox 195 3381 1655 3471; baseline 0.003 -29"><span class='ocrx_word' id='word_1_287' title='bbox 195 3382 309 3444; x_wconf 87' lang='lat' dir='ltr'>ficibus</span> <span class='ocrx_word' id='word_1_288' title='bbox 324 3382 516 3445; x_wconf 89' lang='lat' dir='ltr'>Germaniae</span> <span class='ocrx_word' id='word_1_289' title='bbox 538 3394 754 3463; x_wconf 86' lang='lat' dir='ltr'>quererentur.</span> <span class='ocrx_word' id='word_1_290' title='bbox 779 3381 923 3462; x_wconf 87' lang='lat' dir='ltr'>Plerique</span> <span class='ocrx_word' id='word_1_291' title='bbox 945 3385 1031 3444; x_wconf 91' lang='lat' dir='ltr'>enim</span> <span class='ocrx_word' id='word_1_292' title='bbox 1054 3402 1096 3442; x_wconf 86' lang='lat' dir='ltr'>ex</span> <span class='ocrx_word' id='word_1_293' title='bbox 1119 3385 1164 3446; x_wconf 89' lang='lat' dir='ltr'>eis</span> <span class='ocrx_word' id='word_1_294' title='bbox 1187 3404 1227 3446; x_wconf 93' lang='lat' dir='ltr'>ne</span> <span class='ocrx_word' id='word_1_295' title='bbox 1250 3383 1449 3448; x_wconf 89' lang='lat' dir='ltr'>dissimulant</span> <span class='ocrx_word' id='word_1_296' title='bbox 1468 3385 1605 3471; x_wconf 91' lang='lat' dir='ltr'>quidem</span> <span class='ocrx_word' id='word_1_297' title='bbox 1620 3405 1655 3446; x_wconf 89' lang='lat' dir='ltr'>se</span> 
     </span>
     <span class='ocr_line' id='line_1_30' title="bbox 195 3487 1656 3569; baseline 0.002 -22"><span class='ocrx_word' id='word_1_298' title='bbox 195 3488 325 3548; x_wconf 93' lang='lat' dir='ltr'>nomine</span> <span class='ocrx_word' id='word_1_299' title='bbox 340 3488 470 3565; x_wconf 90' lang='lat' dir='ltr'>spiritui,</span> <span class='ocrx_word' id='word_1_300' title='bbox 487 3487 637 3565; x_wconf 91' lang='lat' dir='ltr'>operibus</span> <span class='ocrx_word' id='word_1_301' title='bbox 653 3497 762 3548; x_wconf 91' lang='lat' dir='ltr'>autem</span> <span class='ocrx_word' id='word_1_302' title='bbox 778 3489 862 3547; x_wconf 91' lang='lat' dir='ltr'>carni</span> <span class='ocrx_word' id='word_1_303' title='bbox 885 3487 1117 3566; x_wconf 89' lang='lat' dir='ltr'>ambitionique</span> <span class='ocrx_word' id='word_1_304' title='bbox 1132 3507 1253 3562; x_wconf 89' lang='lat' dir='ltr'>vacare,</span> <span class='ocrx_word' id='word_1_305' title='bbox 1270 3507 1375 3569; x_wconf 90' lang='lat' dir='ltr'>neque</span> <span class='ocrx_word' id='word_1_306' title='bbox 1390 3500 1458 3550; x_wconf 94' lang='lat' dir='ltr'>tam</span> <span class='ocrx_word' id='word_1_307' title='bbox 1474 3489 1515 3550; x_wconf 92' lang='lat' dir='ltr'>de</span> <span class='ocrx_word' id='word_1_308' title='bbox 1531 3490 1656 3550; x_wconf 91' lang='lat' dir='ltr'>anima·</span> 
     </span>
     <span class='ocr_line' id='line_1_31' title="bbox 196 3589 1654 3671; baseline 0.002 -19"><span class='ocrx_word' id='word_1_309' title='bbox 196 3611 266 3652; x_wconf 87' lang='lat' dir='ltr'>rum</span> <span class='ocrx_word' id='word_1_310' title='bbox 297 3593 398 3653; x_wconf 86' lang='lat' dir='ltr'>salute</span> <span class='ocrx_word' id='word_1_311' title='bbox 429 3611 527 3671; x_wconf 93' lang='lat' dir='ltr'>quam</span> <span class='ocrx_word' id='word_1_312' title='bbox 558 3590 598 3651; x_wconf 92' lang='lat' dir='ltr'>de</span> <span class='ocrx_word' id='word_1_313' title='bbox 629 3592 746 3669; x_wconf 92' lang='lat' dir='ltr'>opibus</span> <span class='ocrx_word' id='word_1_314' title='bbox 776 3589 978 3651; x_wconf 91' lang='lat' dir='ltr'>cumulandis</span> <span class='ocrx_word' id='word_1_315' title='bbox 1008 3599 1039 3651; x_wconf 92' lang='lat' dir='ltr'>et</span> <span class='ocrx_word' id='word_1_316' title='bbox 1070 3593 1263 3669; x_wconf 91' lang='lat' dir='ltr'>patrimonio</span> <span class='ocrx_word' id='word_1_317' title='bbox 1293 3591 1497 3654; x_wconf 89' lang='lat' dir='ltr'>ecclesiarum</span> <span class='ocrx_word' id='word_1_318' title='bbox 1520 3612 1654 3654; x_wconf 91' lang='lat' dir='ltr'>suarum</span> 
     </span>
     <span class='ocr_line' id='line_1_32' title="bbox 195 3693 1656 3775; baseline 0.003 -20"><span class='ocrx_word' id='word_1_319' title='bbox 195 3695 417 3757; x_wconf 87' lang='lat' dir='ltr'>conservando</span> <span class='ocrx_word' id='word_1_320' title='bbox 441 3696 581 3757; x_wconf 90' lang='lat' dir='ltr'>solicitos</span> <span class='ocrx_word' id='word_1_321' title='bbox 603 3713 688 3770; x_wconf 78' lang='lat' dir='ltr'>esse3</span> <span class='ocrx_word' id='word_1_322' title='bbox 717 3693 802 3755; x_wconf 92' lang='lat' dir='ltr'>unde</span> <span class='ocrx_word' id='word_1_323' title='bbox 826 3693 868 3768; x_wconf 94' lang='lat' dir='ltr'>fit,</span> <span class='ocrx_word' id='word_1_324' title='bbox 892 3706 926 3756; x_wconf 92' lang='lat' dir='ltr'>ut</span> <span class='ocrx_word' id='word_1_325' title='bbox 949 3693 1071 3774; x_wconf 85' lang='lat' dir='ltr'>profani</span> <span class='ocrx_word' id='word_1_326' title='bbox 1094 3696 1253 3774; x_wconf 90' lang='lat' dir='ltr'>principes</span> <span class='ocrx_word' id='word_1_327' title='bbox 1275 3695 1433 3775; x_wconf 88' lang='lat' dir='ltr'>exemplis</span> <span class='ocrx_word' id='word_1_328' title='bbox 1454 3696 1575 3759; x_wconf 89' lang='lat' dir='ltr'>talibus</span> <span class='ocrx_word' id='word_1_329' title='bbox 1599 3697 1656 3759; x_wconf 91' lang='lat' dir='ltr'>de-</span> 
     </span>
     <span class='ocr_line' id='line_1_33' title="bbox 196 3798 1655 3882; baseline 0.002 -23"><span class='ocrx_word' id='word_1_330' title='bbox 196 3802 318 3878; x_wconf 89' lang='lat' dir='ltr'>pravati</span> <span class='ocrx_word' id='word_1_331' title='bbox 334 3812 366 3862; x_wconf 90' lang='lat' dir='ltr'>et</span> <span class='ocrx_word' id='word_1_332' title='bbox 381 3802 440 3879; x_wconf 89' lang='lat' dir='ltr'>ipsi</span> <span class='ocrx_word' id='word_1_333' title='bbox 463 3812 555 3862; x_wconf 89' lang='lat' dir='ltr'>ruant</span> <span class='ocrx_word' id='word_1_334' title='bbox 571 3811 603 3861; x_wconf 90' lang='lat' dir='ltr'>et</span> <span class='ocrx_word' id='word_1_335' title='bbox 618 3799 732 3882; x_wconf 91' lang='lat' dir='ltr'>vulgus</span> <span class='ocrx_word' id='word_1_336' title='bbox 755 3816 867 3859; x_wconf 88' lang='lat' dir='ltr'>secum</span> <span class='ocrx_word' id='word_1_337' title='bbox 890 3799 922 3859; x_wconf 92' lang='lat' dir='ltr'>in</span> <span class='ocrx_word' id='word_1_338' title='bbox 945 3799 1164 3876; x_wconf 90' lang='lat' dir='ltr'>praecipitium</span> <span class='ocrx_word' id='word_1_339' title='bbox 1188 3798 1321 3860; x_wconf 90' lang='lat' dir='ltr'>trahant.</span> <span class='ocrx_word' id='word_1_340' title='bbox 1346 3798 1436 3860; x_wconf 90' lang='lat' dir='ltr'>Dura</span> <span class='ocrx_word' id='word_1_341' title='bbox 1451 3810 1501 3861; x_wconf 91' lang='lat' dir='ltr'>est</span> <span class='ocrx_word' id='word_1_342' title='bbox 1516 3803 1655 3862; x_wconf 91' lang='lat' dir='ltr'>omnino</span> 
     </span>
     <span class='ocr_line' id='line_1_34' title="bbox 196 3901 1652 3983; baseline 0.001 -20"><span class='ocrx_word' id='word_1_343' title='bbox 196 3924 266 3964; x_wconf 90' lang='lat' dir='ltr'>sors</span> <span class='ocrx_word' id='word_1_344' title='bbox 289 3917 397 3967; x_wconf 91' lang='lat' dir='ltr'>nostra</span> <span class='ocrx_word' id='word_1_345' title='bbox 421 3915 452 3965; x_wconf 94' lang='lat' dir='ltr'>et</span> <span class='ocrx_word' id='word_1_346' title='bbox 476 3903 622 3966; x_wconf 90' lang='lat' dir='ltr'>condicio</span> <span class='ocrx_word' id='word_1_347' title='bbox 646 3922 803 3983; x_wconf 91' lang='lat' dir='ltr'>perquam</span> <span class='ocrx_word' id='word_1_348' title='bbox 827 3902 1015 3964; x_wconf 91' lang='lat' dir='ltr'>miseranda.</span> <span class='ocrx_word' id='word_1_349' title='bbox 1042 3901 1153 3982; x_wconf 88' lang='lat' dir='ltr'>Atque</span> <span class='ocrx_word' id='word_1_350' title='bbox 1176 3904 1297 3964; x_wconf 90' lang='lat' dir='ltr'>utinam</span> <span class='ocrx_word' id='word_1_351' title='bbox 1320 3902 1369 3963; x_wconf 89' lang='lat' dir='ltr'>hic</span> <span class='ocrx_word' id='word_1_352' title='bbox 1392 3902 1464 3965; x_wconf 87' lang='lat' dir='ltr'>finis</span> <span class='ocrx_word' id='word_1_353' title='bbox 1488 3902 1652 3967; x_wconf 92' lang='lat' dir='ltr'>malorum</span> 
     </span>
     <span class='ocr_line' id='line_1_35' title="bbox 194 4006 1656 4088; baseline 0.001 -20"><span class='ocrx_word' id='word_1_354' title='bbox 194 4020 375 4070; x_wconf 90' lang='lat' dir='ltr'>nostrorum</span> <span class='ocrx_word' id='word_1_355' title='bbox 391 4010 444 4070; x_wconf 91' lang='lat' dir='ltr'>sitl</span> <span class='ocrx_word' id='word_1_356' title='bbox 470 4006 639 4070; x_wconf 88' lang='lat' dir='ltr'>Caeterum</span> <span class='ocrx_word' id='word_1_357' title='bbox 664 4009 818 4085; x_wconf 90' lang='lat' dir='ltr'>repetenti</span> <span class='ocrx_word' id='word_1_358' title='bbox 843 4006 917 4067; x_wconf 89' lang='lat' dir='ltr'>mihi</span> <span class='ocrx_word' id='word_1_359' title='bbox 942 4009 1098 4068; x_wconf 91' lang='lat' dir='ltr'>memoria</span> <span class='ocrx_word' id='word_1_360' title='bbox 1121 4007 1253 4068; x_wconf 90' lang='lat' dir='ltr'>aliarum</span> <span class='ocrx_word' id='word_1_361' title='bbox 1270 4009 1412 4088; x_wconf 91' lang='lat' dir='ltr'>gentium</span> <span class='ocrx_word' id='word_1_362' title='bbox 1429 4026 1523 4068; x_wconf 89' lang='lat' dir='ltr'>casus</span> <span class='ocrx_word' id='word_1_363' title='bbox 1539 4028 1656 4070; x_wconf 89' lang='lat' dir='ltr'>vereor</span> 
     </span>
     <span class='ocr_line' id='line_1_36' title="bbox 195 4110 1656 4194; baseline 0.002 -22"><span class='ocrx_word' id='word_1_364' title='bbox 195 4110 274 4194; x_wconf 87' lang='lat' dir='ltr'>(sic),</span> <span class='ocrx_word' id='word_1_365' title='bbox 298 4131 339 4172; x_wconf 91' lang='lat' dir='ltr'>ne</span> <span class='ocrx_word' id='word_1_366' title='bbox 362 4131 434 4172; x_wconf 91' lang='lat' dir='ltr'>curn</span> <span class='ocrx_word' id='word_1_367' title='bbox 460 4112 519 4173; x_wconf 87' lang='lat' dir='ltr'>hac</span> <span class='ocrx_word' id='word_1_368' title='bbox 542 4123 652 4173; x_wconf 91' lang='lat' dir='ltr'>nostra</span> <span class='ocrx_word' id='word_1_369' title='bbox 682 4115 713 4172; x_wconf 94' lang='lat' dir='ltr'>in</span> <span class='ocrx_word' id='word_1_370' title='bbox 745 4113 883 4190; x_wconf 90' lang='lat' dir='ltr'>peccatis</span> <span class='ocrx_word' id='word_1_371' title='bbox 915 4111 1085 4190; x_wconf 89' lang='lat' dir='ltr'>pertinacia</span> <span class='ocrx_word' id='word_1_372' title='bbox 1117 4130 1182 4172; x_wconf 93' lang='lat' dir='ltr'>non</span> <span class='ocrx_word' id='word_1_373' title='bbox 1205 4110 1378 4174; x_wconf 89' lang='lat' dir='ltr'>seditiones</span> <span class='ocrx_word' id='word_1_374' title='bbox 1401 4123 1432 4173; x_wconf 91' lang='lat' dir='ltr'>et</span> <span class='ocrx_word' id='word_1_375' title='bbox 1455 4111 1656 4192; x_wconf 87' lang='lat' dir='ltr'>direptiones</span> 
     </span>
     <span class='ocr_line' id='line_1_37' title="bbox 197 4214 1656 4296; baseline -0.001 -18"><span class='ocrx_word' id='word_1_376' title='bbox 197 4217 367 4290; x_wconf 89' lang='lat' dir='ltr'>bonorum,</span> <span class='ocrx_word' id='word_1_377' title='bbox 391 4235 474 4296; x_wconf 91' lang='lat' dir='ltr'>quae</span> <span class='ocrx_word' id='word_1_378' title='bbox 498 4217 560 4277; x_wconf 89' lang='lat' dir='ltr'>iam</span> <span class='ocrx_word' id='word_1_379' title='bbox 584 4218 700 4277; x_wconf 90' lang='lat' dir='ltr'>usitata</span> <span class='ocrx_word' id='word_1_380' title='bbox 722 4227 804 4289; x_wconf 89' lang='lat' dir='ltr'>sunt,</span> <span class='ocrx_word' id='word_1_381' title='bbox 828 4215 885 4276; x_wconf 94' lang='lat' dir='ltr'>sed</span> <span class='ocrx_word' id='word_1_382' title='bbox 909 4215 1049 4290; x_wconf 87' lang='lat' dir='ltr'>exilium,</span> <span class='ocrx_word' id='word_1_383' title='bbox 1073 4215 1129 4276; x_wconf 90' lang='lat' dir='ltr'>sed</span> <span class='ocrx_word' id='word_1_384' title='bbox 1156 4218 1297 4290; x_wconf 78' lang='lat' dir='ltr'>servitus</span> <span class='ocrx_word' id='word_1_385' title='bbox 1321 4215 1380 4278; x_wconf 92' lang='lat' dir='ltr'>sed</span> <span class='ocrx_word' id='word_1_386' title='bbox 1402 4214 1520 4276; x_wconf 90' lang='lat' dir='ltr'>caedes</span> <span class='ocrx_word' id='word_1_387' title='bbox 1542 4215 1656 4278; x_wconf 88' lang='lat' dir='ltr'>haere·</span> 
     </span>
     <span class='ocr_line' id='line_1_38' title="bbox 194 4319 1657 4401; baseline 0.002 -21"><span class='ocrx_word' id='word_1_388' title='bbox 194 4341 312 4401; x_wconf 85' lang='lat' dir='ltr'>sesque</span> <span class='ocrx_word' id='word_1_389' title='bbox 328 4340 389 4383; x_wconf 92' lang='lat' dir='ltr'>nos</span> <span class='ocrx_word' id='word_1_390' title='bbox 404 4332 563 4382; x_wconf 91' lang='lat' dir='ltr'>maneant.</span> <span class='ocrx_word' id='word_1_391' title='bbox 588 4320 712 4381; x_wconf 91' lang='lat' dir='ltr'>Verum</span> <span class='ocrx_word' id='word_1_392' title='bbox 734 4319 814 4380; x_wconf 89' lang='lat' dir='ltr'>haec</span> <span class='ocrx_word' id='word_1_393' title='bbox 838 4339 898 4380; x_wconf 90' lang='lat' dir='ltr'>nos</span> <span class='ocrx_word' id='word_1_394' title='bbox 921 4319 1047 4381; x_wconf 90' lang='lat' dir='ltr'>divinae</span> <span class='ocrx_word' id='word_1_395' title='bbox 1070 4338 1164 4381; x_wconf 92' lang='lat' dir='ltr'>curae</span> <span class='ocrx_word' id='word_1_396' title='bbox 1187 4319 1411 4399; x_wconf 89' lang='lat' dir='ltr'>relinquamus,</span> <span class='ocrx_word' id='word_1_397' title='bbox 1427 4320 1517 4381; x_wconf 90' lang='lat' dir='ltr'>cuius</span> <span class='ocrx_word' id='word_1_398' title='bbox 1536 4322 1657 4383; x_wconf 88' lang='lat' dir='ltr'>miseri·</span> 
     </span>
     <span class='ocr_line' id='line_1_39' title="bbox 194 4422 1654 4503; baseline -0.001 -16"><span class='ocrx_word' id='word_1_399' title='bbox 194 4426 322 4487; x_wconf 89' lang='lat' dir='ltr'>cordiae</span> <span class='ocrx_word' id='word_1_400' title='bbox 345 4445 411 4487; x_wconf 93' lang='lat' dir='ltr'>non</span> <span class='ocrx_word' id='word_1_401' title='bbox 435 4435 482 4486; x_wconf 90' lang='lat' dir='ltr'>est</span> <span class='ocrx_word' id='word_1_402' title='bbox 507 4443 667 4487; x_wconf 85' lang='lat' dir='ltr'>numerus</span> <span class='ocrx_word' id='word_1_403' title='bbox 702 4422 843 4486; x_wconf 90' lang='lat' dir='ltr'>Stultum</span> <span class='ocrx_word' id='word_1_404' title='bbox 874 4435 923 4486; x_wconf 91' lang='lat' dir='ltr'>est</span> <span class='ocrx_word' id='word_1_405' title='bbox 952 4425 1035 4485; x_wconf 89' lang='lat' dir='ltr'>enirn</span> <span class='ocrx_word' id='word_1_406' title='bbox 1065 4424 1163 4497; x_wconf 89' lang='lat' dir='ltr'>malis,</span> <span class='ocrx_word' id='word_1_407' title='bbox 1187 4443 1270 4503; x_wconf 89' lang='lat' dir='ltr'>quae</span> <span class='ocrx_word' id='word_1_408' title='bbox 1297 4422 1443 4484; x_wconf 90' lang='lat' dir='ltr'>nondum</span> <span class='ocrx_word' id='word_1_409' title='bbox 1465 4436 1654 4499; x_wconf 83' lang='lat' dir='ltr'>evenerunt,</span> 
     </span>
     <span class='ocr_line' id='line_1_40' title="bbox 195 4527 1654 4609; baseline -0.001 -19"><span class='ocrx_word' id='word_1_410' title='bbox 195 4532 345 4609; x_wconf 84' lang='lat' dir='ltr'>torqueri.</span> <span class='ocrx_word' id='word_1_411' title='bbox 380 4528 505 4608; x_wconf 83' lang='lat' dir='ltr'>Quodsi</span> <span class='ocrx_word' id='word_1_412' title='bbox 529 4528 639 4590; x_wconf 85' lang='lat' dir='ltr'>Moses</span> <span class='ocrx_word' id='word_1_413' title='bbox 669 4528 801 4589; x_wconf 88' lang='lat' dir='ltr'>Domini</span> <span class='ocrx_word' id='word_1_414' title='bbox 832 4531 999 4590; x_wconf 88' lang='lat' dir='ltr'>saevientis</span> <span class='ocrx_word' id='word_1_415' title='bbox 1030 4530 1108 4588; x_wconf 91' lang='lat' dir='ltr'>iram</span> <span class='ocrx_word' id='word_1_416' title='bbox 1139 4546 1372 4606; x_wconf 90' lang='lat' dir='ltr'>saepenumero</span> <span class='ocrx_word' id='word_1_417' title='bbox 1396 4547 1414 4588; x_wconf 92' lang='lat' dir='ltr'>a</span> <span class='ocrx_word' id='word_1_418' title='bbox 1437 4527 1562 4607; x_wconf 91' lang='lat' dir='ltr'>populo</span> <span class='ocrx_word' id='word_1_419' title='bbox 1593 4529 1654 4590; x_wconf 91' lang='lat' dir='ltr'>sibi</span> 
     </span>
     <span class='ocr_line' id='line_1_41' title="bbox 194 4629 1654 4713; baseline -0.001 -20"><span class='ocrx_word' id='word_1_420' title='bbox 194 4636 369 4695; x_wconf 90' lang='lat' dir='ltr'>commisso</span> <span class='ocrx_word' id='word_1_421' title='bbox 387 4635 533 4713; x_wconf 85' lang='lat' dir='ltr'>precibus</span> <span class='ocrx_word' id='word_1_422' title='bbox 556 4636 676 4706; x_wconf 89' lang='lat' dir='ltr'>avertit,</span> <span class='ocrx_word' id='word_1_423' title='bbox 691 4652 756 4694; x_wconf 91' lang='lat' dir='ltr'>non</span> <span class='ocrx_word' id='word_1_424' title='bbox 780 4644 828 4695; x_wconf 90' lang='lat' dir='ltr'>est</span> <span class='ocrx_word' id='word_1_425' title='bbox 852 4631 1089 4711; x_wconf 51' lang='lat' dir='ltr'>desperandum</span> <span class='ocrx_word' id='word_1_426' title='bbox 1112 4651 1182 4692; x_wconf 91' lang='lat' dir='ltr'>esse</span> <span class='ocrx_word' id='word_1_427' title='bbox 1205 4629 1324 4693; x_wconf 90' lang='lat' dir='ltr'>multos</span> <span class='ocrx_word' id='word_1_428' title='bbox 1347 4632 1378 4692; x_wconf 92' lang='lat' dir='ltr'>in</span> <span class='ocrx_word' id='word_1_429' title='bbox 1400 4631 1544 4692; x_wconf 91' lang='lat' dir='ltr'>navicula</span> <span class='ocrx_word' id='word_1_430' title='bbox 1560 4630 1654 4708; x_wconf 88' lang='lat' dir='ltr'>Petri,</span> 
     </span>
     <span class='ocr_line' id='line_1_42' title="bbox 194 4733 1654 4819; baseline -0.002 -21"><span class='ocrx_word' id='word_1_431' title='bbox 194 4758 278 4816; x_wconf 92' lang='lat' dir='ltr'>quae</span> <span class='ocrx_word' id='word_1_432' title='bbox 301 4741 411 4817; x_wconf 89' lang='lat' dir='ltr'>utique</span> <span class='ocrx_word' id='word_1_433' title='bbox 443 4741 541 4818; x_wconf 82' lang='lat' dir='ltr'>mergi</span> <span class='ocrx_word' id='word_1_434' title='bbox 574 4757 639 4819; x_wconf 84' lang='lat' dir='ltr'>non</span> <span class='ocrx_word' id='word_1_435' title='bbox 671 4748 786 4815; x_wconf 89' lang='lat' dir='ltr'>potest,</span> <span class='ocrx_word' id='word_1_436' title='bbox 811 4756 949 4816; x_wconf 89' lang='lat' dir='ltr'>quorum</span> <span class='ocrx_word' id='word_1_437' title='bbox 979 4737 1038 4816; x_wconf 88' lang='lat' dir='ltr'>piis</span> <span class='ocrx_word' id='word_1_438' title='bbox 1068 4736 1354 4814; x_wconf 88' lang='lat' dir='ltr'>supplicationibus</span> <span class='ocrx_word' id='word_1_439' title='bbox 1384 4733 1471 4797; x_wconf 88' lang='lat' dir='ltr'>suror</span> <span class='ocrx_word' id='word_1_440' title='bbox 1494 4735 1566 4797; x_wconf 92' lang='lat' dir='ltr'>eius</span> <span class='ocrx_word' id='word_1_441' title='bbox 1589 4735 1654 4796; x_wconf 91' lang='lat' dir='ltr'>hoc</span> 
     </span>
     <span class='ocr_line' id='line_1_43' title="bbox 194 4838 1653 4922; baseline -0.001 -21"><span class='ocrx_word' id='word_1_442' title='bbox 194 4862 326 4922; x_wconf 90' lang='lat' dir='ltr'>quoque</span> <span class='ocrx_word' id='word_1_443' title='bbox 350 4856 496 4921; x_wconf 91' lang='lat' dir='ltr'>tempore</span> <span class='ocrx_word' id='word_1_444' title='bbox 519 4842 602 4903; x_wconf 86' lang='lat' dir='ltr'>fiecti</span> <span class='ocrx_word' id='word_1_445' title='bbox 626 4843 780 4920; x_wconf 88' lang='lat' dir='ltr'>lenirique</span> <span class='ocrx_word' id='word_1_446' title='bbox 800 4841 909 4902; x_wconf 88' lang='lat' dir='ltr'>valeat.</span> <span class='ocrx_word' id='word_1_447' title='bbox 934 4839 1026 4918; x_wconf 86' lang='lat' dir='ltr'>Quae</span> <span class='ocrx_word' id='word_1_448' title='bbox 1049 4839 1091 4900; x_wconf 93' lang='lat' dir='ltr'>de</span> <span class='ocrx_word' id='word_1_449' title='bbox 1113 4841 1330 4900; x_wconf 90' lang='lat' dir='ltr'>instrumentis</span> <span class='ocrx_word' id='word_1_450' title='bbox 1353 4838 1588 4901; x_wconf 87' lang='lat' dir='ltr'>mathematicis</span> <span class='ocrx_word' id='word_1_451' title='bbox 1610 4838 1653 4900; x_wconf 89' lang='lat' dir='ltr'>ad</span> 
     </span>
     <span class='ocr_line' id='line_1_44' title="bbox 194 4943 1653 5023; baseline -0.002 -17"><span class='ocrx_word' id='word_1_452' title='bbox 194 4966 246 5006; x_wconf 91' lang='lat' dir='ltr'>me</span> <span class='ocrx_word' id='word_1_453' title='bbox 269 4949 388 5020; x_wconf 73' lang='lat' dir='ltr'>scribis</span> <span class='ocrx_word' id='word_1_454' title='bbox 412 4947 548 5008; x_wconf 89' lang='lat' dir='ltr'>iucunda</span> <span class='ocrx_word' id='word_1_455' title='bbox 574 4946 646 5007; x_wconf 88' lang='lat' dir='ltr'>mihi</span> <span class='ocrx_word' id='word_1_456' title='bbox 671 4947 812 5019; x_wconf 83' lang='lat' dir='ltr'>fuerunt;</span> <span class='ocrx_word' id='word_1_457' title='bbox 837 4944 895 5006; x_wconf 92' lang='lat' dir='ltr'>sed</span> <span class='ocrx_word' id='word_1_458' title='bbox 918 4945 1044 5006; x_wconf 87' lang='lat' dir='ltr'>dilficile</span> <span class='ocrx_word' id='word_1_459' title='bbox 1067 4956 1114 5006; x_wconf 92' lang='lat' dir='ltr'>est</span> <span class='ocrx_word' id='word_1_460' title='bbox 1138 4946 1305 5005; x_wconf 87' lang='lat' dir='ltr'>absentem</span> <span class='ocrx_word' id='word_1_461' title='bbox 1329 4954 1477 5017; x_wconf 90' lang='lat' dir='ltr'>statuere,</span> <span class='ocrx_word' id='word_1_462' title='bbox 1494 4943 1586 5023; x_wconf 92' lang='lat' dir='ltr'>quod</span> <span class='ocrx_word' id='word_1_463' title='bbox 1609 4963 1653 5004; x_wconf 89' lang='lat' dir='ltr'>ex</span> 
     </span>
     <span class='ocr_line' id='line_1_45' title="bbox 195 5046 1653 5130; baseline -0.003 -19"><span class='ocrx_word' id='word_1_464' title='bbox 195 5052 242 5111; x_wconf 87' lang='lat' dir='ltr'>bis</span> <span class='ocrx_word' id='word_1_465' title='bbox 266 5052 340 5112; x_wconf 85' lang='lat' dir='ltr'>milri</span> <span class='ocrx_word' id='word_1_466' title='bbox 364 5053 505 5112; x_wconf 88' lang='lat' dir='ltr'>maxime</span> <span class='ocrx_word' id='word_1_467' title='bbox 527 5052 659 5130; x_wconf 86' lang='lat' dir='ltr'>placeat.</span> <span class='ocrx_word' id='word_1_468' title='bbox 693 5049 761 5113; x_wconf 87' lang='lat' dir='ltr'>Scis</span> <span class='ocrx_word' id='word_1_469' title='bbox 784 5051 871 5108; x_wconf 86' lang='lat' dir='ltr'>enim</span> <span class='ocrx_word' id='word_1_470' title='bbox 900 5051 929 5109; x_wconf 94' lang='lat' dir='ltr'>in</span> <span class='ocrx_word' id='word_1_471' title='bbox 957 5049 1140 5111; x_wconf 89' lang='lat' dir='ltr'>huiusmodi</span> <span class='ocrx_word' id='word_1_472' title='bbox 1164 5049 1260 5108; x_wconf 86' lang='lat' dir='ltr'>rebus</span> <span class='ocrx_word' id='word_1_473' title='bbox 1282 5065 1382 5108; x_wconf 90' lang='lat' dir='ltr'>unum</span> <span class='ocrx_word' id='word_1_474' title='bbox 1406 5047 1571 5108; x_wconf 89' lang='lat' dir='ltr'>oculatum</span> <span class='ocrx_word' id='word_1_475' title='bbox 1594 5046 1653 5107; x_wconf 91' lang='lat' dir='ltr'>ho-</span> 
     </span>
     <span class='ocr_line' id='line_1_46' title="bbox 196 5150 1652 5233; baseline -0.001 -19"><span class='ocrx_word' id='word_1_476' title='bbox 196 5158 316 5215; x_wconf 89' lang='lat' dir='ltr'>minem</span> <span class='ocrx_word' id='word_1_477' title='bbox 328 5154 440 5216; x_wconf 90' lang='lat' dir='ltr'>decem</span> <span class='ocrx_word' id='word_1_478' title='bbox 453 5157 560 5215; x_wconf 87' lang='lat' dir='ltr'>auritis</span> <span class='ocrx_word' id='word_1_479' title='bbox 576 5154 730 5215; x_wconf 77' lang='lat' dir='ltr'>anteferri.</span> <span class='ocrx_word' id='word_1_480' title='bbox 747 5153 860 5232; x_wconf 87' lang='lat' dir='ltr'>Itaque</span> <span class='ocrx_word' id='word_1_481' title='bbox 876 5153 931 5214; x_wconf 91' lang='lat' dir='ltr'>tibi</span> <span class='ocrx_word' id='word_1_482' title='bbox 946 5172 1018 5213; x_wconf 91' lang='lat' dir='ltr'>eam</span> <span class='ocrx_word' id='word_1_483' title='bbox 1035 5155 1228 5233; x_wconf 89' lang='lat' dir='ltr'>provinciam</span> <span class='ocrx_word' id='word_1_484' title='bbox 1246 5153 1400 5231; x_wconf 87' lang='lat' dir='ltr'>relinque.</span> <span class='ocrx_word' id='word_1_485' title='bbox 1418 5150 1484 5214; x_wconf 88' lang='lat' dir='ltr'>Sed</span> <span class='ocrx_word' id='word_1_486' title='bbox 1496 5154 1652 5231; x_wconf 90' lang='lat' dir='ltr'>quoniam</span> 
     </span>
     <span class='ocr_line' id='line_1_47' title="bbox 196 5255 1653 5344; baseline -0.002 -24"><span class='ocrx_word' id='word_1_487' title='bbox 196 5263 274 5320; x_wconf 85' lang='lat' dir='ltr'>scire</span> <span class='ocrx_word' id='word_1_488' title='bbox 298 5263 351 5330; x_wconf 90' lang='lat' dir='ltr'>vis,</span> <span class='ocrx_word' id='word_1_489' title='bbox 375 5271 529 5338; x_wconf 89' lang='lat' dir='ltr'>quantum</span> <span class='ocrx_word' id='word_1_490' title='bbox 561 5258 702 5336; x_wconf 85' lang='lat' dir='ltr'>impendi</span> <span class='ocrx_word' id='word_1_491' title='bbox 727 5258 828 5330; x_wconf 86' lang='lat' dir='ltr'>velim,</span> <span class='ocrx_word' id='word_1_492' title='bbox 852 5258 946 5318; x_wconf 87' lang='lat' dir='ltr'>lacito</span> <span class='ocrx_word' id='word_1_493' title='bbox 972 5259 1103 5344; x_wconf 84' lang='lat' dir='ltr'>triginta</span> <span class='ocrx_word' id='word_1_494' title='bbox 1126 5255 1266 5317; x_wconf 89' lang='lat' dir='ltr'>florenos</span> <span class='ocrx_word' id='word_1_495' title='bbox 1289 5258 1320 5316; x_wconf 92' lang='lat' dir='ltr'>in</span> <span class='ocrx_word' id='word_1_496' title='bbox 1343 5258 1525 5334; x_wconf 90' lang='lat' dir='ltr'>praesentia</span> <span class='ocrx_word' id='word_1_497' title='bbox 1548 5258 1580 5316; x_wconf 94' lang='lat' dir='ltr'>in</span> <span class='ocrx_word' id='word_1_498' title='bbox 1603 5256 1653 5318; x_wconf 88' lang='lat' dir='ltr'>his</span> 
     </span>
    </p>
   </div>
   <div class='ocr_carea' id='block_1_3' title="bbox 0 0 1852 5836">
    <p class='ocr_par' dir='ltr' id='par_1_3' title="bbox 0 0 1852 5836">
     <span class='ocr_line' id='line_1_48' title="bbox 0 0 1852 5836; baseline 0 2"><span class='ocrx_word' id='word_1_499' title='bbox 0 0 1852 5836; x_wconf 95' lang='lat' dir='ltr'> </span> 
     </span>
    </p>
   </div>
  </div>
 </body>
</html>
