3660 5850
783 397 878 456 ⁵1495.
1526 395 1562 450 63

109 609 189 671 tales
219 630 282 692 ago
313 609 484 689 habeoque
514 612 639 693 gratias.
674 609 830 694 Magnum
852 614 937 672 enim
968 614 1201 674 incrementum
1230 611 1365 674 felicitati
1397 631 1489 672 meae
1520 631 1562 672 ex

109 715 186 775 tanti
211 716 265 775 viri
289 715 426 775 amicitia
457 717 629 776 accessisse
659 717 804 778 arbitror.
843 715 1021 777 Potuissem
1052 716 1181 795 quidem
1207 714 1299 777 latius
1323 719 1353 777 in
1376 715 1440 776 hoc
1463 734 1561 794 opere

109 819 224 899 vagari,
247 817 305 879 sed
328 819 480 897 quoniam
504 819 723 898 ineptiendum
747 831 822 893 erat,
846 822 956 898 paucis
986 820 1017 881 id
1049 821 1152 881 facere
1175 820 1267 892 volui,
1292 839 1398 899 neque
1421 820 1467 881 fas
1490 838 1561 880 esse

109 923 286 983 existimavi
318 935 348 983 te
379 922 501 983 ducalis
531 922 651 984 consilii
686 925 873 1002 participem
901 923 1084 985 huiusmodi
1114 926 1206 1004 nugis
1229 945 1247 984 a
1270 943 1345 984 cura
1369 924 1560 1002 reipublicae

23 1087 27 1093 ,
108 1026 277 1087 abducere.
300 1022 458 1087 Consules
480 1028 588 1106 itaque
611 1029 686 1088 boni
718 1039 749 1088 et
773 1047 891 1089 munus
914 1028 976 1089 hoc
1000 1038 1146 1089 nostrum
1169 1047 1234 1089 non
1259 1030 1306 1090 sui
1329 1028 1479 1108 qualitate
1502 1027 1560 1089 sed

108 1132 260 1192 mittentis
283 1128 400 1191 affectu
425 1132 573 1194 metieris.
600 1130 689 1192 Vale.

195 1316 293 1385 Spisek
314 1318 363 1370 »de
384 1316 495 1370 miseria
518 1318 655 1371 humana«
676 1319 753 1387 vydel
777 1318 881 1388 nejspls
903 1318 974 1386 11111
999 1337 1017 1371 ν
1034 1319 1094 1372 XV.
1113 1320 1175 1372 stol.
1193 1318 1304 1383 tiskem,
1323 1320 1366 1372 ale
1385 1318 1460 1371 Mitis
1478 1319 1560 1387 vydal

104 1402 142 1470 jej
161 1412 255 1472 potorn
275 1421 296 1457 r.
316 1402 384 1455 1563
403 1422 434 1457 »e
453 1404 683 1472 depravatissimo
705 1405 828 1468 codice«,
845 1405 891 1473 jak
909 1406 969 1458 sam
989 1406 1073 1474 pravi,
1092 1424 1110 1457 v
1129 1405 1351 1459 Lucubrationes
1375 1423 1411 1459 na
1429 1406 1446 1459 l.
1465 1404 1559 1458 9-28.

110 1491 226 1544 Vrodenf
245 1491 419 1544 vdnovaclho
443 1491 507 1544 listu
526 1492 645 1560 vyply'va
669 1491 903 1560 zndsledujfciho
922 1493 1096 1561 poddlrovanf
1115 1492 1284 1556 Pollichova,
1303 1493 1379 1545 111116
1402 1493 1447 1545 md
1465 1492 1559 1546 datum

106 1576 149 1629 30.
168 1577 238 1646 lljna
257 1577 333 1632 1495.
358 1578 464 1631 Pollich
484 1597 519 1647 po
540 1579 642 1632 mnoha
662 1579 716 1631 leta
734 1580 870 1648 vyudoval
889 1598 905 1630 v
925 1579 1029 1648 Lipsku
1048 1579 1189 1646 theologii,
1208 1586 1302 1647 potorn
1323 1579 1403 1632 oddal
1422 1597 1452 1631 se
1472 1597 1507 1632 na
1526 1579 1560 1631 11-

107 1664 211 1717 kafstvl
230 1681 246 1716 a
264 1666 316 1717 stat
341 1682 372 1718 se
397 1665 524 1718 osobnfm
551 1665 673 1719 lekal‘em
696 1666 834 1719 kurfiirsta
856 1667 976 1719 saskelro
999 1667 1151 1727 Fridriclra,
1173 1665 1226 1733 1111
1250 1683 1271 1718 1.
1291 1666 1359 1718 1493
1377 1667 1505 1734 provAzel
1524 1667 1560 1718 do

107 1752 275 1821 Palaestiny.
295 1753 326 1804 R.
342 1751 409 1804 1502
421 1753 541 1820 povoldn
560 1769 593 1805 za
612 1753 729 1821 prvnfho
742 1755 851 1806 rektora
870 1757 941 1806 nove
961 1754 1070 1806 ztfzene
1090 1753 1242 1821 university
1256 1753 1471 1816 Wittenberslre,
1491 1753 1498 1805 i
1518 1770 1560 1805 ze·

107 1838 175 1891 111111
188 1856 208 1892 r.
224 1838 299 1892 1513.
318 1839 410 1906 (Conr.
422 1838 583 1908 Wimpinae
596 1840 767 1908 Scriptorum
789 1840 937 1908 insignium
951 1840 1085 1903 centuria,
1099 1840 1171 1893 edid.
1185 1840 1329 1893 Merzdorf.
1342 1839 1459 1908 Leipzig
1475 1842 1560 1905 tutu.)

810 2157 861 2221 56.

492 2294 648 2369 Martio
681 2294 845 2368 Pollich
875 2294 1177 2369 Bohuslavovi.

192 2465 213 2521 Ζ
233 2463 567 2537 0111111111495-30.
588 2465 666 2538 illua.
685 2466 791 2534 Dekuje
810 2483 843 2520 za
862 2468 1008 2535 venovaml
1027 2466 1094 2520 sobe
1113 2466 1206 2535 spisek
1221 2467 1271 2519 »de
1291 2465 1402 2519 miseria
1420 2468 1557 2519 humana«

104 2553 112 2605 i
132 2552 224 2606 velebf
243 2551 419 2621 spisovatele.
438 2551 592 2621 (Appendix
610 2553 690 2622 epist.
709 2571 725 2607 a
744 2555 801 2622 rlrp.
820 2553 1033 2622 Klementinsky'
1053 2554 1071 2606 1.
1091 2555 1125 2606 D.
1144 2552 1168 2606 3.
1187 2553 1233 2607 fol.
1251 2552 1305 2620 86.)

192 2726 362 2790 Generoso
383 2727 547 2790 Bohuslao
562 2750 582 2791 a
597 2729 778 2792 Lobkovitz
800 2728 829 2792 81
851 2733 883 2791 in
907 2730 1140 2808 Hassensteyn,
1164 2729 1297 2792 domino
1320 2750 1381 2793 suo
1403 2731 1560 2811 gratiosis-

104 2834 195 2904 sime,
219 2831 375 2893 Martinus
403 2831 559 2894 Mellrstat
589 2833 734 2895 medicus
757 2853 780 2895 s.
812 2854 841 2913 p.
865 2833 895 2894 d.
922 2833 1082 2895 Libellum
1106 2833 1147 2895 de
1171 2836 1297 2896 miseria
1321 2834 1460 2895 humana
1483 2854 1560 2913 pro·

104 2937 200 2997 ximis
216 2935 264 2996 his
279 2936 395 2998 diebus
410 2957 429 2997 a
445 2948 476 2998 te
491 2936 614 2998 editum
637 2938 779 3017 mihique
802 2936 952 3012 dicatum,
975 2941 1019 2999 vir
1035 2940 1181 3000 omnium
1197 2938 1381 3000 doctissime
1396 2941 1560 3017 nostrique

104 3040 202 3101 seculi
225 3043 376 3101 virtutum
399 3040 558 3122 singulare
574 3041 746 3121 exemplar,
770 3053 859 3104 tanta
881 3041 1093 3104 admiratione
1116 3045 1279 3122 animique
1302 3042 1419 3104 laetitia
1441 3044 1560 3120 accepi,

104 3156 258 3222 quantam
273 3144 323 3204 vel
339 3145 475 3206 scribere
490 3144 540 3205 vel
555 3144 661 3208 dicere
677 3145 797 3206 homini
821 3156 869 3206 est
887 3146 1093 3224 impossibile.
1111 3144 1192 3207 Cum
1209 3149 1347 3224 primum
1364 3148 1449 3207 enirn
1471 3145 1559 3206 illum

104 3248 252 3329 legerem,
268 3249 424 3330 elegantia
440 3250 522 3327 styli,
542 3252 694 3311 materiae
717 3249 933 3311 foecunditate
955 3249 1166 3330 locorumque
1189 3252 1378 3312 auctoritate
1401 3249 1559 3323 refertum,

103 3351 310 3413 vehementer
324 3354 456 3414 miratus
470 3371 543 3414 sum
559 3353 699 3414 divinum
712 3353 972 3435 stupendumque
989 3366 1079 3416 tuum
1095 3356 1267 3436 ingenium,
1284 3354 1373 3434 quod
1390 3373 1442 3413 me
1458 3352 1559 3414 iudice

105 3456 291 3518 humanitus
314 3458 448 3518 missum
471 3478 529 3537 par
559 3477 625 3518 non
653 3458 758 3531 habet,
789 3458 846 3520 sed
871 3460 934 3520 sere
957 3460 1065 3521 omnia
1088 3458 1215 3520 excedit
1239 3468 1442 3537 superatque,
1469 3457 1559 3536 quod

105 3571 216 3639 aperte
232 3572 264 3622 et
279 3560 386 3623 multis
409 3561 530 3623 indiciis
553 3561 755 3623 iamdudum
772 3566 854 3625 novi.
878 3563 1012 3636 Vellem,
1036 3582 1191 3646 generose
1214 3565 1269 3637 vir,
1292 3562 1367 3623 mihi
1391 3581 1470 3633 esse,
1494 3581 1559 3640 quo

106 3667 162 3726 tibi
185 3667 302 3746 gratias
324 3665 501 3745 condignas
531 3685 660 3747 agerem
691 3686 749 3746 pro
778 3677 843 3728 tam
867 3668 1014 3750 singulari
1038 3686 1182 3728 munere:
1207 3667 1264 3728 sed
1288 3685 1362 3727 cum
1386 3667 1417 3726 in
1440 3685 1480 3725 eo
1506 3685 1557 3726 me

104 3768 243 3830 deficere
266 3779 354 3831 certo
377 3771 484 3842 sciam,
508 3769 593 3830 malo
617 3771 659 3832 ab
682 3772 816 3850 inceptis
843 3770 996 3833 desistere
1028 3790 1126 3849 quarn
1156 3773 1283 3848 incepta
1314 3771 1447 3847 turpiter
1470 3771 1560 3830 relin-

104 3893 213 3952 quere.
236 3872 321 3936 Satis
344 3876 392 3948 sit,
416 3877 457 3934 mi
481 3874 564 3948 here,
592 3893 645 3935 me
668 3877 700 3935 in
723 3886 853 3936 tuorum
880 3894 1014 3936 numero
1038 3886 1069 3936 et
1092 3893 1163 3936 esse
1186 3885 1218 3934 et
1245 3875 1432 3951 computari,
1457 3873 1559 3952 qualis

103 3977 155 4038 hic
178 3978 302 4040 libellus
325 3989 399 4040 tuus
422 3980 503 4039 inter
526 3979 666 4058 reliquos
689 3998 780 4040 meos
803 3979 901 4041 libros
925 3991 1022 4041 extat.
1051 3978 1192 4039 Primum
1215 3980 1300 4037 enim
1324 3979 1469 4037 omnium
1493 3978 1559 4037 iure

103 4083 229 4161 optimo
252 4083 359 4143 locum
382 4083 441 4143 sibi
456 4082 611 4155 vendicat,
634 4085 724 4144 cuius
747 4085 845 4145 etiam
868 4083 1048 4145 cotidianus
1062 4083 1194 4143 intuitus
1217 4100 1269 4142 me
1291 4083 1323 4141 in
1347 4083 1393 4142 tui
1414 4099 1558 4142 amorem

103 4185 415 4265 admirationemque
438 4185 531 4248 trabit
554 4197 586 4247 et
609 4187 710 4248 allicit.
750 4185 878 4249 Vellem
907 4197 1073 4266 praeterea
1096 4184 1214 4266 aliquid
1241 4187 1300 4247 rari
1325 4197 1356 4246 et
1379 4186 1436 4247 tibi
1459 4187 1558 4266 ignoti

104 4309 204 4369 penes
228 4309 280 4350 me
303 4309 382 4363 esse,
406 4289 495 4369 quod
519 4291 575 4353 tibi
606 4289 695 4352 dono
717 4290 836 4365 darem,
867 4309 1143 4370 provocaremque
1166 4300 1199 4350 te
1221 4290 1283 4351 hoc
1307 4290 1457 4370 pestifero
1479 4302 1559 4351 tem-

103 4413 192 4475 pore,
222 4413 290 4473 quo
319 4396 386 4455 irati
418 4393 576 4474 Apollinis
605 4395 805 4457 inclementia
837 4395 938 4457 Musis
969 4395 1125 4474 placanda
1156 4405 1213 4467 est,
1244 4392 1305 4476 (ut)
1330 4395 1432 4467 literis,
1464 4405 1558 4472 prout

103 4517 232 4578 semper
255 4498 340 4573 facis,
364 4499 565 4559 incumberes
588 4498 766 4579 ederesque
789 4518 909 4560 novum
935 4498 1062 4579 aliquid,
1087 4517 1152 4577 quo
1176 4497 1226 4559 vel
1248 4509 1415 4558 aeternum
1440 4516 1558 4558 nomen

104 4604 241 4680 posteris
272 4603 475 4683 relinqueres,
507 4603 555 4663 vel
585 4603 767 4678 Martinum,
796 4622 893 4682 quem
916 4616 1007 4667 tuum
1031 4622 1102 4664 esse
1127 4604 1189 4663 scis
1219 4603 1364 4682 interque
1394 4601 1557 4663 literarum

102 4706 267 4768 studiosos
290 4709 477 4788 computari,
501 4706 614 4768 saltem
638 4719 693 4768 tua
715 4726 814 4787 opera
837 4707 1003 4769 clariorem
1024 4706 1184 4768 redderes.
1208 4704 1411 4784 Scripsissem
1434 4704 1558 4766 dudum

102 4809 146 4871 ad
168 4822 208 4883 te,
232 4811 289 4873 sed
312 4813 503 4874 nunciorum
526 4812 663 4887 defectu,
690 4831 764 4873 cum
787 4831 853 4874 non
876 4814 935 4873 nisi
962 4832 1033 4872 raro
1062 4811 1103 4872 ad
1134 4821 1166 4871 te
1189 4812 1395 4883 inveniantur,
1419 4811 1450 4870 in
1473 4809 1559 4870 hunc

103 4934 209 4994 usque
232 4914 317 4976 diem
348 4915 463 4978 distuli.
501 4915 584 4977 Vale
608 4916 744 4990 feliciter,
772 4916 914 4994 mihique
936 4926 971 4976 ut
994 4913 1193 4976 deditissimo
1221 4914 1277 4974 tibi
1301 4915 1332 4974 in
1354 4915 1504 4975 omnibus
1527 4924 1558 4975 et

104 5039 161 5099 per
184 5022 292 5081 omnia
320 5021 448 5099 impera.
488 5020 606 5082 Iterum
636 5020 714 5082 vale.
752 5019 873 5083 Datum
896 5018 1061 5100 Cholburg
1090 5017 1265 5098 penultima
1295 5015 1447 5079 Octobris
1473 5036 1558 5078 anno

104 5124 116 5184 1
140 5124 162 5188 4
185 5122 206 5186 5
229 5119 308 5206 (sic).

192 5312 317 5381 Sprdvne
335 5313 429 5368 datum
450 5314 567 5368 nachdzl
586 5331 616 5367 se
635 5331 722 5383 pouze
736 5332 752 5365 v
766 5312 894 5381 rukopise
913 5311 1160 5375 Klementinslrem,
1174 5329 1190 5364 u
1205 5310 1298 5363 Mitisa
1315 5309 1368 5378 jest
1381 5315 1559 5381 zpotvoteno.
