3660 5850
190 351 240 406 ns
863 354 959 414 1500.

187 586 380 641 successura,
404 577 437 628 ut
461 566 534 628 nihil
559 568 597 629 sit
620 577 784 645 praeterea
808 567 1034 646 requirendum
1058 569 1160 629 nobis
1199 569 1309 632 Rebus
1332 570 1416 630 enim
1441 571 1572 631 tandem
1595 592 1635 632 ex
1690 594 1697 619 ι

187 673 343 734 sententia
365 672 553 751 compositis
575 673 670 749 cupio
694 670 848 752 reliquum
872 674 1117 754 ingravescentis
1132 675 1244 734 aetatis
1260 693 1324 735 una
1339 685 1446 735 tecum
1463 674 1636 743 traducere.

187 774 288 837 modo
310 787 345 838 tu
367 775 442 837 mihi
465 775 682 855 quodcunque
713 775 774 837 hoc
801 795 943 859 regnum,
972 787 1006 837 tu
1036 788 1161 856 sceptra
1192 777 1367 857 lovemque
1389 790 1445 839 tua
1468 781 1637 841 autoritate

188 879 220 941 et
242 880 342 961 gratia
365 878 520 954 concilies,
544 899 587 940 ex
602 899 668 959 quo
684 900 758 953 uno,
782 880 913 958 perinde
929 891 963 943 ut
980 900 1022 941 ex
1038 892 1188 963 magnete
1203 881 1293 942 ferrei
1308 882 1426 957 annuli,
1448 882 1637 961 pendemus.

187 983 257 1046 Nec
279 982 401 1057 dubito,
424 985 500 1063 quin
524 983 715 1046 clarissimus
738 983 787 1045 ille
810 986 958 1065 princeps
981 987 1011 1046 in
1035 986 1154 1064 optatis
1176 985 1294 1048 habeat
1316 1005 1391 1047 suas
1407 1005 1458 1048 res
1472 997 1581 1069 gestas
1595 989 1635 1048 ab

187 1089 275 1150 omni
304 1105 434 1166 prorsus
464 1086 624 1149 oblivione
654 1089 819 1150 vindicare.
858 1088 920 1169 Qui
951 1090 1036 1150 enirn
1059 1090 1162 1151 virtuti
1184 1089 1300 1162 studet,
1330 1102 1362 1153 et
1385 1091 1494 1154 comiti
1517 1092 1637 1153 virtutis

186 1191 304 1273 gloriae
326 1191 453 1253 studeat
475 1210 608 1253 necesse
630 1203 693 1253 est:
716 1191 849 1274 gloriam
873 1212 948 1254 vero
970 1211 1144 1271 perennem
1167 1194 1341 1255 autetiam
1364 1192 1549 1256 diuturnam
1564 1197 1636 1257 sub·

187 1296 257 1358 latis
279 1295 439 1357 literarum
463 1297 680 1357 monumentis
703 1314 881 1378 propagare
904 1315 1001 1357 nemo
1024 1306 1140 1375 potest.
1162 1295 1235 1380 Age
1249 1299 1350 1380 igitur,
1373 1319 1395 1360 o
1409 1317 1485 1378 spes
1499 1310 1533 1361 et
1548 1318 1635 1379 prae-

186 1398 301 1462 sidium
331 1418 450 1472 meum,
480 1399 562 1460 hanc
591 1398 667 1460 mihi
698 1419 795 1479 quam
826 1401 964 1481 primum
995 1419 1127 1479 operam
1157 1419 1274 1462 navare
1304 1420 1370 1463 non
1393 1403 1635 1482 praetermittas,

185 1503 390 1582 eundemque
411 1504 441 1564 in
466 1522 518 1564 me
541 1502 731 1564 exornando
755 1515 785 1565 te
809 1515 944 1582 praesta,
967 1523 1064 1584 quem
1087 1506 1118 1565 in
1141 1505 1243 1567 salute
1257 1504 1476 1585 recuperanda
1490 1508 1634 1590 cognovi,

186 1626 227 1668 ne
249 1610 354 1686 capite
377 1626 450 1669 meo
474 1604 571 1689 (velut
593 1604 736 1689 Apelles)
766 1608 911 1687 expolito
943 1609 1100 1688 reliquum
1130 1629 1247 1689 corpus
1276 1608 1355 1671 mde
1384 1610 1632 1690 inchoatumque

187 1711 354 1791 relinquas.

271 1917 509 1971 blnohomluvnou
533 1922 592 1968 tuto
617 1915 748 1984 parafrasi
774 1916 941 1968 zmlneneho
962 1915 1000 1981 jit
1018 1933 1035 1967 v
1054 1916 1116 1969 liste
1135 1915 1170 1966 73
1193 1917 1378 1969 rozvlaaneho
1401 1916 1494 1984 elogia
1516 1917 1632 1971 nechteli

182 2003 254 2070 jsme
279 2020 297 2053 v
316 2002 402 2056 listati
426 2010 515 2056 tomto
538 2001 697 2071 vynechati,
721 2002 864 2070 ponevadb
887 2002 1046 2055 Bohuslava
1072 1990 1179 2055 naseho
1203 2021 1233 2055 se
1257 2003 1360 2071 dotykt
1384 2020 1402 2056 a
1417 2002 1455 2070 jib
1477 2021 1513 2057 ve
1536 2005 1633 2073 vydanl

187 2090 315 2143 Mitisove
340 2107 370 2142 se
394 2089 519 2152 nachtlzl,
545 2089 670 2141 konedne
695 2088 712 2140 k
735 2089 854 2157 pozm‘tnl
879 2089 906 2141 te
925 2088 998 2158 doby
1022 2106 1039 2142 a
1061 2089 1176 2157 pisatele
1201 2089 1340 2142 nevbedne
1367 2090 1498 2159 plispiva.
1526 2092 1551 2144 0
1569 2091 1633 2144 iriltu

186 2176 317 2239 Balbove,
342 2176 461 2230 mladdm
480 2178 553 2245 panu
571 2175 742 2244 Jindl‘ichovi
762 2193 777 2228 z
796 2162 955 2237 Selnberka,
981 2177 1065 2229 mluvi
1082 2176 1120 2243 jib
1138 2176 1183 2228 list
1202 2178 1243 2228 ult
1272 2175 1333 2229 List
1351 2174 1386 2228 76
1403 2177 1524 2230 nachazr'
1546 2194 1576 2230 se
1593 2177 1632 2229 tei

185 2264 251 2333 pred
270 2263 401 2332 vydanlm
420 2261 502 2316 tehoi
526 2262 624 2330 elogia,
650 2262 725 2316 litere
744 2279 764 2316 r.
785 2261 853 2315 1560
871 2279 888 2313 v
907 2263 991 2315 Praze
1011 2262 1109 2331 polldil
1128 2262 1267 2316 Vavlinec
1287 2249 1361 2332 Span
1380 2280 1412 2316 ze
1432 2250 1564 2333 Spanova
1583 2265 1632 2332 pod

185 2351 306 2404 titulem:
326 2349 491 2419 Hieronymi
511 2349 590 2403 Balbi
609 2349 678 2402 liber
697 2349 845 2402 continens
863 2349 1016 2402 Bohemiae
1035 2356 1063 2402 et
1082 2365 1226 2417 procerum
1245 2349 1305 2403 eius
1324 2335 1443 2403 laudern.

886 2682 935 2744 77.

542 2838 744 2934 Jeronym
778 2836 938 2910 Balbus
967 2835 1271 2910 Bohuslavovi.

270 3026 304 3094 (Ζ
324 3026 410 3096 Pralty
429 3025 493 3082 ¹5⁰⁰
514 3056 544 3065 -
565 3041 599 3083 nt
617 3026 710 3093 zlmu.)
733 3025 868 3077 shomne
894 3025 1059 3078 abertovne
1083 3024 1213 3077 omlouvd
1236 3041 1305 3078 svou
1329 3025 1560 3079 nedostatednost
1578 3027 1636 3080 bas·

185 3115 286 3167 nickou
305 3113 413 3182 naproti
432 3113 589 3181 vy'teenosti
608 3113 811 3173 Bohuslavove,
830 3129 846 3164 a
865 3111 953 3179 posillr
972 3098 1105 3165 blechtbv
1124 3110 1334 3175 Mikrokosmus,
1353 3111 1407 3181 aby
1427 3129 1444 3165 ο
1461 3115 1528 3166 nem
1549 3114 1637 3167 Bohu-

184 3202 242 3255 slav
261 3201 364 3270 napled
383 3200 463 3269 podal
482 3200 595 3254 tisudek.
609 3200 670 3252 Ltel
684 3201 804 3252 nesnltze
823 3198 872 3250 sve
891 3199 1006 3251 hmotne
1019 3215 1036 3252 a
1048 3197 1173 3265 ohlasuje
1192 3197 1295 3252 brzlrou
1311 3215 1358 3252 mu
1372 3200 1517 3253 nsvstevu.
1537 3201 1638 3265 (Bohu-

183 3289 234 3343 slai
252 3288 317 3343 Vita
335 3304 361 3357 p.
379 3287 431 3340 Th.
451 3286 546 3340 Mitem
566 3286 627 3339 coll.
647 3286 670 3339 a
690 3285 768 3339 Balbi
788 3302 871 3354 opera
889 3285 932 3338 ed.
952 3286 1052 3338 Retzer
1070 3286 1089 3348 l,
1109 3284 1161 3351 56.)

271 3482 489 3561 Hieronymus
518 3480 637 3543 Balbus
663 3480 704 3542 ad
730 3480 957 3544 Hasistenium.
997 3480 1067 3543 Nae
1097 3491 1132 3541 tu
1162 3483 1393 3559 praevaricator
1424 3501 1458 3543 es
1481 3485 1641 3568 egregius

184 3591 237 3670 qui
268 3586 392 3649 libellos
422 3597 496 3648 tuae
527 3584 600 3647 fidei
629 3596 660 3646 et
690 3588 868 3663 patrocinio
902 3587 1092 3647 commissos
1125 3603 1192 3646 non
1223 3584 1324 3646 modo
1354 3587 1546 3663 subsannas,
1583 3589 1642 3650 sed

182 3692 277 3772 plane
293 3691 410 3770 prodis.
432 3688 564 3769 Quanto
580 3710 614 3751 es
630 3689 849 3751 Demosthene
868 3691 1018 3768 nequior!
1043 3688 1105 3761 llle,
1128 3706 1169 3749 ne
1185 3686 1315 3751 lllilesiis
1330 3692 1468 3765 obesset,
1493 3692 1643 3754 faucibus

183 3797 312 3878 integris
342 3794 527 3872 synanchen
551 3792 724 3854 simulavit:
756 3805 798 3867 tu,
828 3813 902 3856 cum
930 3795 972 3854 sis
994 3793 1043 3854 vel
1066 3792 1235 3871 elephante
1259 3792 1400 3868 validior,
1433 3814 1474 3856 ne
1498 3798 1643 3875 cuipiam

183 3903 294 3980 prosis,
318 3901 349 3960 in
371 3916 465 3960 ranas
488 3909 519 3958 et
542 3896 659 3958 culices
681 3916 783 3977 usque
806 3909 837 3959 te
860 3896 1029 3958 deformas
1067 3894 1116 3958 En
1139 3898 1189 3958 cui
1211 3895 1330 3976 aliquid
1350 3901 1455 3959 oneris
1479 3901 1645 3980 imponas,

184 4005 238 4083 qui
266 4003 308 4065 ab
340 4005 409 4083 ipso
440 4002 545 4062 statim
577 4000 682 4061 limine
712 4003 852 4063 sarcinas
882 4001 976 4063 simul
1006 4012 1103 4079 atque
1133 4000 1265 4063 clitellas
1287 4002 1449 4064 abiecerit:
1472 4014 1507 4065 et
1530 4015 1643 4067 tamen

184 4107 293 4170 adhuc
323 4125 414 4167 meos
442 4104 566 4166 libellos
596 4104 760 4187 efflagitas,
783 4104 972 4185 suadesque,
1000 4116 1033 4166 ut
1064 4103 1106 4164 ad
1137 4116 1168 4165 te
1191 4122 1310 4178 versus,
1333 4104 1395 4166 hoc
1418 4118 1468 4169 est
1491 4106 1645 4171 Athenas

184 4221 336 4274 noctuam
360 4212 492 4271 mittam.
531 4208 594 4288 Qui
618 4208 719 4270 cedo?
748 4228 790 4270 an
819 4219 854 4271 ut
880 4221 971 4272 tuum
994 4227 1111 4270 munus
1134 4207 1237 4268 isthoc
1260 4195 1429 4286 pensem?¹
1450 4208 1644 4294 Nunquam,

182 4335 234 4378 me
258 4314 392 4388 hercule,
414 4312 556 4374 Glaucus
578 4323 609 4373 et
634 4311 809 4375 Diomedes
831 4325 897 4375 tam
928 4313 1088 4375 dissimilia
1111 4322 1337 4394 permutarunt.
1361 4310 1444 4397 (Ego
1468 4335 1547 4378 vero
1573 4337 1641 4379 non

184 4420 365 4501 permittam
395 4420 476 4479 inter
505 4416 703 4480 Catullianos
733 4418 816 4479 sales
846 4416 969 4480 Suffeni
998 4433 1121 4477 venena
1152 4412 1295 4489 diffundi,
1324 4416 1485 4497 siquidem
1509 4422 1540 4480 in
1565 4431 1645 4502 poe·-

185 4523 278 4585 matis
300 4521 353 4583 illo
376 4540 448 4582 sum
475 4521 573 4582 nihilo
596 4520 729 4604 melior).
766 4520 829 4595 An,
860 4520 949 4602 quod
973 4520 1169 4581 verisimilius
1192 4529 1249 4594 est,
1277 4518 1414 4583 demea
1437 4525 1563 4586 inscitia
1587 4527 1643 4589 tibi

183 4628 280 4688 risum
305 4624 414 4704 paras?
451 4623 503 4699 At,
527 4636 561 4686 ut
584 4644 618 4686 es
641 4625 796 4704 petulanti
819 4625 937 4704 splene,
968 4643 1044 4686 cave
1074 4621 1231 4684 cachinno
1254 4623 1337 4685 istud
1360 4644 1453 4708 agas:
1486 4633 1645 4710 namqui

127 4718 131 4725 ’
183 4732 291 4810 incipit
314 4748 384 4790 esse
408 4728 536 4802 derisor,
559 4729 713 4790 continuo
737 4732 858 4791 amicus
881 4748 951 4791 esse
974 4729 1096 4790 desinit.
1120 4724 1230 4788 Unum
1254 4739 1329 4800 erat,
1353 4748 1409 4791 cur
1432 4741 1586 4810 optarem
1602 4733 1642 4795 ad

184 4845 216 4896 te
238 4853 327 4895 meas
359 4852 461 4915 nugas
492 4833 623 4904 mittere,
652 4844 686 4893 ut
709 4835 948 4915 castigarentur,
979 4842 1013 4894 ut
1040 4829 1233 4910 vapularem,
1256 4841 1290 4891 ut
1313 4844 1493 4895 erratorum
1517 4856 1644 4915 poenas

185 4949 216 5000 et
240 4956 346 5018 ungue
370 4948 401 4998 et
424 4937 526 4998 obelis
549 4934 680 5000 luerent.
705 4936 755 4998 Tu
779 4955 855 4997 vero
879 4935 932 5019 (ne
955 4957 974 4997 a
997 4934 1161 4998 Socratico
1178 4934 1321 4995 instituto
1337 4933 1498 5021 discedas)
1515 4942 1644 5019 sapien·

185 5053 250 5104 tem
274 5040 476 5103 dissimulans
500 5042 698 5119 insipientem
722 5042 798 5123 agis,
830 5053 861 5102 et
884 5061 948 5120 qua
971 5036 1140 5112 vafredine,
1170 5035 1250 5098 inlra
1279 5039 1422 5101 calceum
1452 5053 1485 5104 te
1509 5060 1644 5125 quoque

184 5146 330 5208 demittis.
366 5146 459 5217 Dicis,
484 5149 513 5206 ni
537 5144 633 5219 sallor,
657 5166 711 5207 cur
734 5166 795 5228 ego
820 5148 958 5207 amicum
983 5142 1148 5207 offendam
1171 5142 1202 5200 in
1225 5142 1324 5222 nugis.
1363 5142 1437 5205 Hae
1459 5164 1577 5228 nugae,
1602 5149 1645 5208 mi

183 5250 354 5325 Bohuslae,
378 5249 419 5311 ad
443 5252 523 5312 seria
547 5249 674 5312 ducunt.
714 5250 830 5330 Neque
853 5262 961 5312 tamen
984 5249 1068 5310 adeo
1092 5264 1164 5308 sum
1186 5245 1290 5307 mollis
1312 5258 1344 5307 et
1366 5246 1495 5312 delicati
1516 5252 1643 5334 ingenii,
