3660 5850
869 340 960 399 1494.

484 553 660 628 Versutiae,
683 550 810 616 fraudes
833 566 968 637 regnant
992 566 1023 615 et
1047 554 1151 615 dulcia
1175 555 1255 617 surta

570 658 609 719 Et
633 661 742 719 sternit
765 670 898 721 cunctos
922 679 1002 720 vana
1025 661 1217 737 superstitio.

482 762 650 843 Agricolae
674 764 748 823 boni
773 765 831 823 ista
854 783 946 846 seges
968 776 1032 825 est:
1057 762 1139 825 hanc
1162 762 1284 824 disserit
1307 762 1412 843 ille‚³⁸⁵)

569 866 729 929 Pontificis
752 871 867 929 summi
891 869 945 949 qui
967 867 1038 930 loca
1062 886 1189 929 summa
1210 878 1327 931 tenet«

191 1039 318 1119 Quanta
341 1045 380 1101 sit
403 1043 562 1102 temeritas
586 1041 677 1102 lruius
700 1043 844 1103 levissimi
869 1042 1047 1116 nebulonis,
1070 1054 1191 1122 quanta
1214 1044 1343 1116 insania,
1367 1053 1488 1122 quanta
1503 1042 1640 1121 denique

189 1146 299 1218 rabies,
324 1164 395 1224 qurs
417 1147 492 1206 satis
514 1146 608 1228 digne
631 1146 789 1224 explicare
817 1147 945 1225 posset?
982 1145 1057 1225 Quo
1079 1148 1164 1207 enim
1191 1147 1314 1219 lenone,
1338 1166 1404 1226 quo
1426 1145 1550 1220 sicario,
1575 1165 1638 1224 quo

189 1248 311 1310 latrone
334 1269 398 1310 non
422 1252 512 1329 peius
535 1250 723 1330 foediusque
747 1250 913 1330 pontifices
936 1253 1038 1311 vivere
1061 1250 1124 1311 ait?
1146 1248 1263 1312 Obiicit
1286 1251 1331 1311 eis
1347 1250 1473 1322 fastum,
1495 1252 1639 1311 ambitio

189 1372 272 1426 nem,
307 1356 510 1434 impietatem,
544 1355 715 1427 avaritiam,
750 1358 911 1427 versutias,
946 1353 1081 1428 lraudeS,
1120 1354 1273 1427 libidines,
1309 1355 1576 1433 superstitionem,
1610 1365 1639 1414 et

190 1467 277 1517 tanta
300 1458 470 1519 verborum
495 1460 659 1519 maiestate
683 1458 760 1519 haec
792 1460 892 1521 resert.
924 1469 957 1520 ut
987 1478 1061 1519 eum
1092 1459 1123 1519 ln
1155 1459 1281 1520 tertium
1312 1455 1490 1540 coelum³‘)
1513 1475 1638 1537 raptum

190 1581 268 1633 esse,
285 1575 315 1622 et
331 1562 480 1642 quicquid
498 1561 621 1623 Rornae
637 1575 772 1645 geratur,
796 1574 962 1645 gestumve
978 1565 1025 1636 sit,
1048 1562 1168 1645 Pragae
1183 1561 1299 1623 vidisse
1315 1562 1493 1645 diceres.³³)
1517 1562 1639 1641 Quodsi

189 1667 220 1726 in
244 1685 365 1739 omnes,
389 1669 600 1746 quiunquam
617 1667 749 1740 fuerant,
772 1667 949 1748 flagitiosos
964 1665 1201 1745 sceleratosque
1215 1666 1310 1728 simul
1326 1669 1357 1728 in
1374 1686 1474 1729 unum
1490 1666 1639 1728 collectos

189 1771 393 1831 acerbissime
420 1772 524 1832 invehi
551 1771 651 1842 vellet,
684 1771 761 1850 quid
793 1770 922 1832 tandem
951 1771 1037 1833 aliud
1068 1771 1208 1843 haberet,
1239 1769 1329 1851 quod
1351 1773 1383 1832 in
1413 1789 1470 1831 eos
1492 1790 1640 1833 evomere

189 1874 318 1952 posset?
344 1874 475 1955 ,lllagna
498 1888 604 1936 tamen
629 1878 657 1935 ei
681 1888 850 1954 propterea
873 1877 973 1956 gratia
995 1875 1146 1937 habenda
1168 1886 1229 1937 est:
1253 1876 1328 1954 quia
1351 1884 1475 1955 quanto
1497 1873 1589 1954 plura
1611 1876 1639 1936 in

189 1978 354 2055 pontifices
365 1975 407 2059 ³⁸)
438 1982 587 2062 congerit
619 1990 709 2042 tanto
740 1981 935 2042 manifestius
966 1980 1038 2042 facit
1067 1999 1103 2041 se
1131 1998 1196 2040 non
1228 1978 1343 2040 iudicio
1371 1981 1559 2058 rationeque
1585 1978 1639 2041 sed

190 2083 305 2144 morbo
329 2083 471 2162 quodam
503 2085 598 2144 animi
625 2084 778 2162 rabieque
808 2083 940 2146 ductum
971 2085 1002 2144 in
1026 2083 1104 2145 haec
1127 2084 1247 2162 probra
1273 2083 1548 2162 contumeliasque
1570 2104 1640 2163 pro·

189 2189 318 2264 rupisse.
341 2184 385 2247 At
409 2189 483 2266 quia
506 2189 572 2247 sine
596 2199 744 2265 peccato:
769 2189 884 2249 incirco
909 2190 1046 2265 primum
1070 2185 1210 2264 lapidem
1233 2188 1263 2247 in
1280 2186 1448 2248 mulierem
1465 2187 1640 2249 adulteram

189 2291 318 2369 proiicit.
342 2290 432 2351 Errat
456 2292 669 2364 vehementer,
700 2295 843 2372 quisquis
871 2293 914 2353 ita
943 2302 1065 2367 censet,
1096 2302 1144 2351 est
1175 2293 1260 2351 enim
1290 2293 1434 2352 omnium
1468 2290 1640 2354 facinorum

188 2394 347 2472 quaedam
371 2390 548 2476 sentina.³⁰)
572 2394 681 2475 Atque
705 2409 748 2469 ut,
771 2415 854 2476 quae
877 2395 1083 2475 pontificibus
1099 2396 1215 2468 obiicit,
1239 2397 1269 2455 in
1286 2395 1455 2456 authorem
1471 2396 1641 2470 revolvam,

189 2498 266 2577 quid
289 2518 330 2559 eo
345 2501 513 2578 superbius
535 2512 589 2562 aut
613 2501 694 2563 fastu
717 2501 841 2579 plenius
856 2500 921 2562 est?
944 2499 1061 2561 Nonne
1084 2517 1197 2562 omnes
1220 2501 1396 2561 contemnit
1419 2495 1640 2580 irridetque,⁴⁰)

189 2601 268 2663 illius
298 2602 486 2676 doctrinam,
518 2605 611 2667 huius
641 2624 749 2665 mores
779 2608 886 2684 carpit,
917 2616 949 2667 et
976 2603 1065 2684 quod
1092 2615 1256 2664 extremae
1284 2605 1470 2664 temeritatis
1498 2614 1556 2673 est,
1586 2603 1640 2677 his,

189 2726 271 2786 quos
287 2726 394 2768 coram
411 2708 519 2769 laudat
531 2708 780 2790 admiraturque,
796 2710 879 2770 clam
895 2708 1082 2788 obloquitur
1097 2720 1193 2787 atque
1209 2707 1355 2769 detrahit.
1378 2704 1494 2786 Neque
1510 2708 1641 2768 mortuis

188 2814 295 2890 parcit,
319 2811 375 2873 sed
399 2816 489 2890 quasi
513 2811 715 2875 Aristarchus
745 2813 878 2893 quidam
908 2831 1173 2891 unumquemque
1203 2830 1262 2890 pro
1290 2809 1417 2872 libidine
1440 2831 1498 2872 sua
1521 2831 1563 2872 ex
1585 2830 1641 2871 nu·

188 2935 277 2977 nrero
311 2916 480 2978 doctorum
515 2918 755 2998 proborumque
789 2919 960 2999 expungit:
1001 2927 1035 2978 ut
1069 2915 1157 2977 solus
1190 2935 1302 2994 sapere
1335 2916 1488 2996 solusque
1522 2916 1641 2976 virtutis

187 3021 352 3099 quoddam
376 3022 541 3100 speculum
565 3041 634 3082 esse
654 3021 806 3083 videatur.
829 3019 873 3082 At
889 3022 1072 3083 ambitionis
1088 3023 1185 3082 etiam
1200 3023 1397 3081 mentionem
1413 3019 1519 3081 facere
1534 3020 1641 3093 audet,

186 3126 276 3204 quasi
299 3127 470 3204 quicquam
494 3145 534 3185 co
557 3138 611 3185 aut
635 3127 833 3187 ambitiosius
848 3140 902 3186 aut
919 3125 1109 3206 dignitatum
1125 3125 1247 3186 avidius
1262 3127 1308 3186 sit
1332 3124 1416 3186 Nam
1433 3136 1468 3186 ut
1484 3127 1641 3199 omittam,

186 3248 269 3308 quae
292 3241 418 3308 praeter
433 3249 523 3308 spem
541 3229 707 3291 hominum
723 3228 915 3299 acciderunt,
938 3229 1024 3290 hunc
1039 3239 1124 3290 certe
1140 3231 1370 3310 magistratum,
1392 3247 1491 3308 quem
1508 3231 1640 3303 obtinet,

185 3328 346 3414 nonne⁴¹)
370 3334 543 3394 ambitione
566 3345 757 3394 consecutus
779 3333 846 3395 est?
883 3332 1020 3412 Quoties
1046 3334 1132 3394 enirn
1162 3333 1218 3406 his,
1246 3331 1288 3393 ad
1310 3351 1393 3412 quos
1423 3351 1462 3393 ea
1492 3352 1542 3394 res
1571 3352 1641 3412 per·

185 3442 270 3505 tinet,
300 3437 437 3517 supplex
461 3437 523 3503 suit.
554 3450 650 3516 atque
673 3437 765 3509 adeo,
790 3449 823 3498 ut
846 3437 968 3498 nullum
993 3437 1214 3499 blanditiarum
1237 3456 1338 3519 genus
1359 3438 1641 3515 praetermitteret?

184 3542 320 3621 Quoties
343 3543 571 3619 competitores
603 3543 695 3603 minis
726 3538 899 3624 abegit?⁴‘¹)
934 3541 1045 3603 Sciunt
1075 3561 1197 3615 omnes
1227 3543 1281 3621 qui
1311 3559 1421 3602 secum
1449 3541 1642 3603 familiariter

185 3647 315 3728 degunt.
340 3645 539 3725 lmpictatcm
570 3647 686 3719 obiicit,
716 3649 784 3724 ipse
815 3647 846 3706 in
869 3644 974 3706 Deum
1006 3644 1217 3724 hominesque
1246 3646 1370 3724 impius.
1407 3643 1474 3706 Sed
1504 3645 1546 3706 de
1577 3645 1640 3707 hoc

184 3754 343 3830 posterius
365 3750 543 3830 loquemur,
568 3769 642 3810 narn
665 3751 696 3810 in
719 3752 898 3828 praesentia
920 3749 962 3810 de
978 3751 1106 3811 avaritia
1121 3748 1294 3810 dicendum
1309 3760 1367 3822 est,
1389 3768 1488 3830 quam
1504 3759 1639 3810 matrem

184 3858 330 3916 vitiorum
346 3854 492 3933 appellat.
513 3853 577 3916 (Tur
593 3856 678 3914 enim
694 3864 801 3914 tantus
817 3854 917 3915 hostis
933 3855 1079 3915 avaritiae
1095 3853 1208 3914 foenus
1217 3848 1260 3935 ⁴³)
1275 3851 1420 3914 exercet?
1443 3848 1507 3914 Cur
1522 3871 1640 3915 usurae

185 3960 345 4023 incumbit.
377 3978 473 4036 quam
505 3977 570 4018 non
595 3957 695 4018 modo
718 3958 906 4019 christianae
930 3959 1016 4040 leges
1039 3957 1096 4018 sed
1116 3956 1314 4038 Judacorum
1343 3957 1439 4017 etiarn
1461 3967 1560 4036 atque
1583 3955 1640 4019 Sa-

184 4081 370 4123 racenorum
395 4062 586 4140 prohibent?
608 4060 690 4124 Cato
714 4081 844 4141 quoquc
867 4081 968 4123 senex
993 4062 1147 4122 foenerari
1170 4073 1201 4122 et
1224 4061 1388 4121 hominem
1411 4059 1559 4122 occidere
1582 4080 1640 4140 par

184 4165 351 4227 iudicabat.
376 4165 515 4227 Accusat
538 4166 684 4227 libidines
708 4166 903 4245 pontificum,
934 4188 953 4227 a
977 4186 1041 4246 qua
1064 4167 1244 4243 suspicione
1267 4167 1294 4225 si
1317 4183 1384 4225 non
1406 4175 1554 4226 anteacta
1578 4169 1640 4228 vita

183 4282 216 4331 at
239 4288 326 4330 aeras
350 4284 434 4331 certe
457 4271 617 4350 decrepita
645 4291 702 4331 eos
732 4272 856 4332 liberat:
887 4270 944 4333 sed
972 4274 1043 4350 quis
1072 4283 1120 4331 est
1151 4270 1200 4330 hic
1224 4267 1431 4349 Hippolytus,
1458 4271 1511 4348 qui
1535 4268 1639 4331 aliena

273 4560 304 4613 ¹³³l
323 4561 350 4612 Μ
370 4561 414 4612 ille
433 4562 579 4628 vynectrat.
598 4560 713 4627 Stornej
734 4561 891 4628 pozndmlru
910 4560 952 4613 t'rti.

277 4650 304 4701 ’ἢ
324 4649 351 4699 Μ
370 4649 478 4700 coelum
500 4648 593 4700 fidum.

274 4736 304 4781 ’ἢ
323 4736 349 4786 Μ
369 4735 484 4786 dicatur.

272 4820 304 4865 ³¹·
323 4822 350 4873 Μ
370 4822 518 4890 principes.

274 4907 303 4957 ‘⁹l
322 4909 345 4959 tt
364 4908 476 4960 osticina
495 4919 577 4975 atque
597 4907 741 4959 colluvies,

273 4994 303 5047 ’Ἵ
322 4994 349 5045 Μ
369 5006 548 5046 contemnere
569 4994 743 5061 irridereque.

273 5081 305 5145 ⁴¹)
323 5080 346 5130 K
367 5081 485 5131 nonnisi.

273 5168 304 5219 ‘²l
322 5168 344 5217 Κ
364 5166 518 5219 absterruit.

273 5253 304 5319 ⁰³)
323 5254 349 5304 Μ
369 5271 439 5306 eam.
