3660 5850
185 399 237 453 116
863 397 959 458 1500.

183 610 254 685 fide,
278 612 412 672 summis
435 609 573 690 denique
597 611 894 692 immortalibusque
924 613 1092 675 virtutibus
1115 613 1293 690 comparari
1317 631 1415 690 posse
1438 610 1633 674 crediderim.

182 711 274 792 Quae
300 734 341 777 ne
365 716 560 794 cogitatione
584 712 714 793 quidem
738 734 903 794 assequor,
927 715 1048 778 nedum
1071 717 1174 776 verbis
1197 735 1236 776 ea
1258 718 1335 778 satis
1356 728 1432 795 apte
1455 717 1635 794 exprimere

183 828 238 880 aut
271 817 424 879 illustrare
457 835 583 897 queam.
622 816 684 878 llic
719 818 857 880 coeleste
886 819 980 880 veluti
1015 818 1180 899 quoddam
1217 821 1307 881 iubar
1340 829 1432 881 tanto
1466 816 1636 897 splendore

182 931 336 993 coruscat,
367 931 402 981 ut
432 939 515 981 unus
541 922 639 982 totius
669 923 736 980 aevi
765 921 873 983 lumen
897 921 986 983 lacile
1017 922 1189 983 obumbret
1212 925 1367 1003 quasique
1389 921 1486 984 radiis
1508 924 1636 1001 quibus-

183 1023 259 1085 dam
289 1035 428 1086 erectam
459 1025 574 1087 mentis
604 1025 705 1085 aciem
735 1027 934 1108 perstringat.
975 1025 1066 1088 Unus
1096 1029 1217 1106 quippe
1247 1039 1303 1101 est,
1335 1027 1365 1088 in
1396 1045 1463 1107 quo
1494 1026 1636 1086 maxime

183 1128 231 1190 vel
254 1127 449 1190 celebrando
472 1127 626 1201 laborem,
649 1128 837 1190 industriam
861 1128 1044 1212 vigiliasque
1068 1149 1143 1191 suas
1166 1149 1281 1192 omnes
1304 1149 1427 1210 ponere
1451 1130 1566 1192 literati
1581 1129 1636 1191 bo·

185 1233 286 1294 mines
308 1233 451 1294 certatim
482 1230 630 1306 debeant,
661 1243 692 1294 et
715 1233 805 1295 cuius
828 1252 870 1294 ex
901 1236 1015 1295 virtute
1038 1244 1192 1312 tanquam
1215 1254 1258 1294 ex
1280 1237 1411 1314 perenni
1435 1233 1526 1295 sonte
1550 1252 1638 1313 prae-

184 1338 270 1399 clara
291 1349 399 1400 vatum
422 1337 546 1418 ingenia
569 1338 742 1418 irrigentur.
766 1335 820 1398 Ad
844 1337 927 1399 banc
942 1349 1051 1400 autem
1067 1340 1262 1416 provinciam
1279 1340 1358 1399 meis
1373 1337 1493 1400 viribus
1508 1356 1639 1417 prorsus

185 1443 326 1522 inparem
349 1439 553 1503 subeundam
576 1439 754 1502 Bobuslaus
778 1440 818 1501 de
843 1440 1063 1514 Hassenstein,
1096 1462 1178 1504 unus
1207 1444 1363 1517 omnium,
1392 1460 1478 1522 quos
1507 1439 1638 1502 viderim

185 1563 332 1627 quosque
362 1543 525 1618 audierim,
553 1543 650 1627 longe
679 1544 917 1619 eruditissimus,
950 1548 1138 1608 suavissimo
1169 1565 1221 1607 me
1251 1548 1392 1608 carmine
1417 1558 1451 1608 et
1475 1545 1638 1629 Pegasaeo

183 1649 291 1729 lepore
313 1646 446 1711 condito
468 1651 660 1728 provocavit,
684 1650 773 1710 cuius
796 1668 927 1728 quoque
950 1649 1233 1728 profundissimam
1248 1653 1279 1712 in
1295 1653 1383 1712 omni
1399 1650 1637 1729 disciplinarum

185 1772 302 1837 genere
332 1752 511 1814 doctrinam
545 1754 727 1835 ingeniique
760 1752 853 1813 dotes
887 1755 1152 1816 eminentissimas
1183 1754 1246 1816 boc
1273 1754 1391 1816 eodem
1424 1773 1497 1815 sum
1534 1754 1638 1816 libello

187 1854 321 1939 (utinam
344 1867 410 1917 tam
433 1855 595 1937 eleganter
618 1875 715 1936 quam
738 1874 811 1917 vere
821 1852 840 1937 l)
865 1869 1088 1936 prosequutus.
1129 1858 1157 1919 ls
1180 1857 1393 1936 proculdubio
1416 1858 1493 1919 mihi
1517 1859 1639 1920 videtur

186 1979 265 2035 esse,
288 1963 338 2022 cui
361 1959 403 2021 ex
426 1960 510 2022 Italis
533 1956 682 2042 (lacessat
704 1960 859 2033 adulatio)
884 1980 966 2022 unus
989 1973 1044 2022 aut
1068 1960 1153 2036 alter,
1185 1980 1226 2022 ne
1249 1960 1353 2023 dicam
1377 1979 1484 2036 nemo,
1508 1962 1638 2023 conferri

187 2066 302 2146 possit:
326 2065 369 2126 ita
390 2065 475 2125 enim
497 2062 599 2137 velim,
623 2063 666 2124 mi
689 2075 833 2142 patrone,
856 2065 911 2125 tibi
935 2065 1136 2143 persuadeas,
1160 2064 1356 2127 Bohuslaum
1379 2064 1439 2127 hac
1456 2069 1637 2145 praesertim

187 2178 378 2249 tempestate
401 2166 556 2241 facundia,
580 2167 769 2241 eruditione,
792 2169 996 2248 ingenuitate,
1024 2166 1165 2228 candore
1188 2167 1262 2250 nulli
1285 2187 1328 2229 ex
1350 2171 1455 2248 primo
1478 2169 1554 2231 loco
1577 2188 1638 2230 ces

188 2292 305 2335 summ.
345 2270 420 2345 Hic,
438 2273 577 2352 inquam,
601 2271 651 2333 hic
681 2282 729 2333 est
752 2268 854 2352 (quod
885 2272 938 2351 qui
962 2281 1067 2353 negat,
1095 2270 1261 2333 meridiem
1284 2270 1390 2333 lucere
1412 2270 1524 2356 negat)
1548 2276 1638 2336 totius

188 2376 360 2456 sapientiae
383 2376 455 2437 lons
478 2377 664 2449 uberrimus,
688 2395 754 2456 quo
777 2378 946 2454 superstite
969 2394 1132 2437 summum
1155 2394 1226 2436 esse
1248 2375 1343 2438 video
1359 2397 1397 2438 ac
1412 2396 1530 2447 rarum,
1554 2377 1636 2458 quod

188 2481 311 2560 possint
333 2479 392 2540 sibi
416 2478 523 2540 literae
547 2478 693 2557 polliceri,
717 2481 806 2541 cuius
829 2498 891 2560 ego
914 2489 1034 2540 sortem
1057 2497 1130 2539 cum
1153 2481 1310 2556 optimam
1335 2490 1403 2542 tum
1426 2499 1505 2542 vero
1529 2482 1637 2543 beatis·

187 2586 301 2645 simam
324 2582 417 2645 duco.
445 2581 576 2644 Nullum
601 2584 720 2663 quippe
742 2602 843 2665 genus
866 2585 947 2644 vitae
970 2601 1043 2644 cum
1067 2581 1178 2644 literati
1201 2582 1339 2645 hominis
1360 2587 1437 2658 otio,
1462 2585 1637 2647 dummodo

189 2707 255 2749 non
277 2687 370 2749 sterili
394 2705 499 2766 neque
521 2685 723 2760 infoecundo,
747 2689 925 2765 comparari
948 2698 1062 2767 potest.
1103 2684 1174 2748 llac
1199 2698 1284 2748 tanta
1307 2699 1439 2768 tamque
1462 2687 1566 2750 solida
1588 2690 1637 2750 bo·

191 2793 285 2853 minis
310 2791 404 2852 laude
434 2791 608 2870 perculsus,
630 2790 762 2853 simulac
794 2790 928 2872 Pragam
959 2803 1015 2852 tuo
1042 2789 1141 2851 ductu
1171 2793 1297 2871 tuisque
1329 2793 1478 2870 auspiciis
1508 2795 1637 2872 perveni,

189 2895 266 2957 nihil
288 2897 374 2975 prius
396 2906 452 2957 aut
474 2898 634 2975 antiquius
663 2895 758 2956 habui
788 2914 885 2975 quam
913 2913 988 2955 eum
1012 2894 1089 2955 mihi
1111 2897 1225 2974 quovis
1248 2896 1491 2958 benevolentiae
1515 2897 1638 2959 loedere

188 2999 370 3075 conciliare;
393 3003 455 3079 qui,
475 3009 510 3061 ut
534 3010 582 3060 est
605 3001 734 3080 ingenio
757 3017 884 3078 semper
907 3000 937 3059 in
955 2997 1094 3059 ollicium
1112 3001 1262 3078 exposito
1279 3012 1310 3062 et
1326 3001 1432 3075 obvi0,
1455 3020 1524 3062 non
1540 3003 1637 3063 solum

188 3103 406 3165 conditionem
440 3121 505 3163 non
535 3104 661 3183 sprevit,
692 3121 803 3163 verum
834 3104 931 3163 etiam
961 3103 1004 3164 ita
1034 3105 1127 3163 arctis
1159 3114 1191 3163 et
1221 3102 1495 3182 inexplicabilibus
1526 3106 1640 3166 amoris

187 3206 317 3269 vinculis
340 3226 392 3267 me
414 3207 548 3280 strinxit,
571 3215 607 3267 ut
629 3207 671 3267 ab
694 3209 762 3267 eius
785 3205 939 3284 amplexu
962 3209 1016 3267 vix
1039 3209 1107 3285 ipsa
1129 3206 1258 3286 quidem
1274 3208 1395 3287 possim
1412 3220 1518 3270 morte
1534 3207 1640 3270 divelli.

188 3310 286 3373 Cuius
307 3330 369 3393 ego
394 3312 537 3371 moribus
554 3309 704 3383 delector,
728 3309 872 3372 doctrina
889 3310 1026 3384 erudior,
1050 3312 1181 3372 consilio
1197 3311 1306 3387 ducor,
1329 3311 1489 3391 praesidio
1506 3315 1639 3383 munior,

189 3415 371 3496 iudicioque
394 3416 638 3497 castigatissimo
661 3414 745 3476 velut
768 3414 874 3493 Lydio
898 3413 1010 3495 lapide,
1042 3434 1107 3495 quo
1130 3434 1239 3477 verum
1263 3433 1376 3477 aurum
1397 3415 1441 3477 ab
1463 3415 1641 3478 adulterino

189 3519 383 3592 discernitur,
411 3520 441 3579 in
469 3520 549 3579 meis
579 3521 701 3597 scriptis
731 3519 780 3579 vel
808 3518 942 3581 edendis
972 3518 1021 3580 vel
1052 3518 1287 3599 supprimendis
1318 3528 1403 3581 utor:
1436 3521 1465 3581 ei
1496 3519 1641 3599 denique,

191 3642 264 3685 cum
288 3623 346 3684 abs
370 3633 401 3682 te
424 3641 498 3697 uno,
527 3625 558 3682 in
582 3641 649 3703 quo
672 3641 747 3702 spes
769 3642 884 3685 omnes
913 3633 987 3686 sunt
1011 3642 1103 3684 meae
1133 3625 1212 3684 sitae
1235 3634 1266 3684 et
1289 3622 1474 3698 collocatae,
1506 3623 1643 3691 discessi

193 3728 310 3788 amoris
339 3737 436 3806 atque
464 3728 687 3789 observantiae
708 3727 829 3807 primas
852 3726 971 3789 deleto
1010 3726 1117 3789 Video
1141 3746 1193 3788 me
1216 3726 1280 3788 lere
1302 3728 1398 3790 totius
1421 3741 1645 3810 argumentum

193 3830 337 3910 opusculi
369 3832 473 3892 obiter
502 3841 600 3911 atque
627 3828 713 3892 aliud
742 3850 856 3913 agens·
869 3831 1055 3912 explicasse,
1087 3831 1176 3912 quod
1208 3842 1264 3894 tuo
1294 3832 1497 3911 potissimum
1526 3834 1644 3895 nomini

193 3935 345 4009 dedicavi,
374 3954 439 3996 non
466 3933 566 3996 modo
590 3946 624 3996 ut
647 3946 839 4014 perpetuum
870 3954 961 3997 meae
983 3939 1015 3998 in
1039 3946 1070 3996 te
1092 3937 1219 4014 pietatis
1240 3947 1366 3998 extaret
1389 3949 1645 4009 monumentum,

193 4059 390 4120 quamquam
418 4050 450 4100 et
480 4038 556 4101 illud
584 4038 725 4118 quidem.
757 4039 814 4100 sed
838 4038 927 4118 quod
951 4051 1050 4120 gnato
1074 4052 1131 4101 tuo
1157 4038 1297 4101 Henrico
1321 4039 1493 4121 eidemque
1516 4042 1645 4103 alumno

194 4163 269 4205 meo
291 4143 477 4204 dulcissimo
500 4161 575 4204 cum
598 4142 639 4203 ad
663 4142 871 4204 ediscendum
896 4153 964 4203 tum
988 4162 1063 4204 vero
1087 4143 1128 4204 ad
1151 4143 1340 4206 imitandum
1365 4144 1396 4206 id
1411 4148 1558 4226 apprime
1575 4147 1646 4208 utile

193 4249 260 4308 lore
282 4248 459 4309 videbatur.
497 4246 567 4308 Nec
590 4258 646 4318 est,
678 4266 733 4308 cur
757 4249 876 4307 mireris
908 4246 970 4308 hoc
993 4267 1011 4307 a
1035 4266 1087 4308 me
1110 4251 1315 4331 arrogantius,
1346 4269 1446 4330 quam
1474 4268 1549 4311 mea
1571 4250 1646 4311 ierat

194 4350 404 4426 consuetudo,
435 4352 595 4430 scripturn.
635 4350 720 4411 Nam
752 4361 786 4413 ut
809 4353 940 4412 caeteris
971 4352 1001 4411 in
1025 4353 1120 4412 rebus
1143 4351 1235 4414 decet
1259 4353 1407 4415 modeste
1430 4373 1468 4415 ac
1492 4356 1648 4416 submisse

194 4456 236 4517 de
265 4475 300 4517 se
331 4458 401 4534 ipso
433 4467 464 4517 et
495 4458 611 4517 sentire
641 4465 672 4516 et
703 4455 791 4536 loqui
822 4458 1061 4534 manticarnque
1083 4476 1102 4517 a
1126 4467 1216 4539 tergo
1246 4455 1289 4517 ad
1315 4469 1429 4537 pectus
1452 4459 1648 4539 quandoque

195 4579 360 4622 revocare:
391 4562 436 4621 sic
467 4562 497 4621 in
528 4569 678 4639 poemate
709 4559 783 4640 (diis
807 4560 1054 4639 hominibusque
1077 4557 1347 4642 approbantibus)
1377 4563 1470 4641 quasi
1494 4562 1648 4624 mercedis

194 4665 268 4726 loco
291 4664 385 4727 datur
407 4684 465 4726 sua
487 4663 585 4744 paulo
609 4665 752 4727 licentius
775 4666 898 4725 iactare.
938 4663 978 4724 Et
1001 4666 1155 4743 quoniam
1179 4667 1209 4725 in
1233 4667 1277 4726 tui
1301 4665 1366 4727 nati
1388 4684 1575 4727 sermonem
1597 4665 1651 4727 de-

195 4769 349 4842 venimus
381 4788 446 4830 non
470 4770 527 4830 erit
555 4789 574 4829 a
605 4780 715 4830 nostro
747 4770 890 4829 instituto
922 4786 1053 4846 prorsus
1076 4767 1223 4842 alienum,
1251 4771 1286 4843 si,
1313 4768 1390 4848 quid
1413 4772 1482 4847 spei
1506 4789 1549 4831 ex
1573 4771 1648 4831 illius

195 4871 305 4932 indole
326 4872 402 4933 mibi
434 4874 647 4951 conceperim,
675 4871 769 4950 plane
801 4872 1044 4951 cofidenterque
1068 4873 1122 4933 tibi
1147 4871 1330 4955 significem.
1367 4871 1483 4934 Talem
1506 4874 1647 4954 prolecto

198 4986 307 5036 noster
330 4994 364 5037 se
387 4978 467 5058 gerit
492 4975 659 5049 ilenricus,
690 4977 811 5038 utiam
835 4977 979 5036 omnium
1003 4978 1033 5036 in
1057 4995 1092 5036 se
1116 4976 1228 5037 oculos
1259 4987 1433 5049 convertat,
1463 4986 1497 5038 et
1519 4976 1647 5039 incredi-

197 5080 292 5140 bilem
316 5079 488 5158 quandam,
511 5080 561 5140 cui
585 5080 728 5158 prolecto
751 5079 999 5141 cumulatissime
1022 5099 1235 5158 responsurus
1249 5092 1305 5151 est,
1329 5079 1590 5160 expectationem
1605 5082 1649 5141 sui

197 5184 367 5245 concitarit.
407 5182 474 5243 Nec
498 5183 635 5245 arbitror
666 5202 852 5262 quenquam
882 5201 924 5243 cx
948 5186 1010 5244 tuis
1034 5185 1206 5245 maioribus
1229 5203 1268 5245 ea
1290 5183 1386 5245 luisse
1408 5184 1533 5259 virtute,
1556 5203 1649 5265 quam

198 5287 291 5347 huius
319 5285 424 5347 divina
457 5306 539 5366 pene
572 5286 696 5349 indoles
720 5298 866 5359 ostentet,
895 5299 929 5349 ut
960 5288 1028 5349 lore
1050 5300 1147 5368 atquc
1169 5286 1253 5349 adeo
1276 5305 1422 5370 augurer,
1445 5308 1487 5349 ne
1510 5290 1561 5351 cui
1584 5309 1651 5367 pro·
