3660 5850
867 364 959 423 1494.
1601 370 1635 422 55

188 597 287 657 opera
320 578 430 639 bellica
460 579 557 640 virtus
587 578 674 658 apud
710 576 877 638 Romanos
908 581 1049 640 extincta
1078 591 1134 652 est,
1168 579 1245 658 quid
1276 578 1317 639 de
1347 578 1494 657 Assyriis,
1528 579 1642 655 Medis,

189 682 300 755 Persis,
323 681 462 757 Graecis,
487 682 720 744 Macedonibus
737 681 1083 762 innumerabilibusque
1099 683 1166 744 aliis
1182 684 1373 756 nationibus
1396 703 1530 767 quarum
1546 686 1643 747 etiam

189 789 219 847 in
243 806 276 847 re
300 787 421 848 militari
451 785 548 868 gloria
575 788 688 867 ingens
716 786 781 859 fuit,
810 786 973 848 dicemus?
1010 785 1063 848 An
1094 788 1199 847 forsan
1227 806 1338 848 eorum
1362 806 1493 867 quoque
1516 789 1641 851 animos

190 890 301 969 aliquis
324 911 416 970 papa,
440 891 533 951 nobis
556 893 692 971 ignotus,
715 891 890 951 enervavit?
913 888 998 968 Quid
1014 891 1103 970 quod
1119 889 1285 970 Torquati,
1308 891 1406 963 Fabii,
1430 890 1553 955 Camilli
1567 904 1642 955 ante

189 992 303 1056 Christi
332 994 506 1057 adventum
534 991 669 1076 nasci⁹⁸l
699 993 880 1056 desierunt?
914 993 985 1075 Jam
1016 998 1100 1056 enim
1128 995 1313 1057 nobilissimi
1338 1015 1451 1057 eorum
1474 999 1642 1076 scriptores

189 1098 231 1159 de
254 1098 386 1180 ignavia,
410 1099 488 1161 luxu
512 1101 685 1179 inertiaque
708 1101 824 1160 civium
846 1118 979 1160 suorum
1002 1110 1186 1179 queruntur.
1211 1099 1280 1161 Nec
1303 1101 1400 1161 etiarn
1425 1103 1593 1179 imperium
1609 1112 1640 1163 et

189 1222 293 1263 rerum
316 1213 476 1284 gestarum
501 1202 687 1284 magnitudo
711 1213 743 1264 et
765 1203 898 1265 bellicae
907 1199 949 1284 q¹³)
973 1206 1103 1265 virtutes
1126 1203 1284 1285 religionis
1307 1224 1400 1266 verae
1424 1205 1538 1267 indicia
1560 1216 1642 1267 sunt.

189 1306 274 1367 Nam
298 1310 323 1368 si
346 1309 388 1369 ita
403 1318 497 1382 esset,
520 1306 616 1369 Turci
632 1319 664 1368 et
679 1305 837 1381 Saraceni,
861 1326 999 1386 quorum
1016 1325 1150 1387 regnum
1165 1307 1228 1369 hoc
1244 1318 1388 1387 tempore
1403 1309 1500 1390 longe
1516 1309 1642 1389 lateque

189 1410 396 1490 protenditur,
419 1412 514 1493 longe
538 1411 649 1473 melius
672 1430 770 1490 quam
794 1410 961 1474 Christiani
985 1410 1026 1471 de
1049 1410 1218 1473 immortali
1232 1412 1305 1474 Deo
1329 1415 1488 1475 sentirent.
1516 1412 1642 1492 Quodsi

188 1515 356 1595 pontifices
379 1518 479 1596 magis
502 1515 543 1577 ad
567 1528 649 1577 artes
678 1518 764 1594 pacis
794 1534 892 1595 quam
920 1514 993 1577 belli
1024 1514 1164 1595 populos
1190 1517 1248 1576 sibi
1272 1518 1462 1579 commissos
1485 1516 1641 1591 erudiunt,

188 1622 260 1700 quis
270 1618 312 1702 ³¹¹)
335 1619 466 1681 tandem
489 1640 547 1681 eos
570 1623 635 1682 iure
659 1619 944 1699 reprehendendos
967 1619 1075 1698 putet?
1097 1616 1160 1696 Qui
1183 1622 1369 1702 amagistro
1386 1641 1446 1683 suo
1462 1634 1493 1684 et
1509 1621 1642 1683 domino

189 1723 345 1786 salvatore
364 1724 512 1786 audiunt:
537 1744 651 1804 pacem
675 1743 788 1811 meam.
805 1724 849 1785 do
866 1725 965 1798 vobiS,
989 1742 1104 1802 pacem
1119 1742 1225 1784 meam
1241 1724 1387 1804 relinquo
1403 1726 1501 1787 vobis.
1525 1725 1644 1788 Delira-

188 1841 297 1889 menta
320 1840 393 1891 sunt
417 1828 497 1889 haec
520 1839 552 1890 et
575 1828 725 1910 perfugia,
748 1839 783 1889 ut
806 1831 838 1889 in
861 1829 1031 1907 proverbio
1054 1837 1111 1902 est,
1135 1829 1332 1889 miserorum.
1368 1827 1443 1891 Non
1467 1831 1550 1890 enim
1574 1831 1642 1892 sine

188 1931 293 1993 divina
326 1932 526 2010 providentia
559 1931 678 1993 factum
712 1943 768 2006 est,
802 1943 837 1994 ut
870 1931 912 1992 nil
940 1934 972 1992 in
1002 1933 1097 1992 rebus
1127 1930 1274 1992 humanis
1305 1930 1432 1994 firmum
1464 1934 1643 2012 stabileque

115 2052 121 2070 ’
187 2047 378 2115 spectemus,
402 2036 459 2097 sed
482 2038 590 2098 omnia
614 2035 710 2111 fluxa,
733 2037 855 2098 caduca
878 2047 909 2097 et
933 2048 1167 2109 momentanea,
1190 2055 1256 2116 quo
1280 2036 1395 2100 scilicet
1411 2040 1522 2099 maiori
1537 2057 1641 2099 rerum

187 2152 386 2203 aeternarum
411 2141 571 2203 desiderio
594 2154 768 2204 teneamur.
793 2138 910 2221 Neque
933 2158 1053 2200 novum
1077 2151 1127 2201 est
1149 2142 1257 2200 omnia
1280 2141 1372 2215 mala,
1396 2161 1479 2222 quae
1503 2143 1533 2202 in
1562 2143 1641 2203 orbe

188 2257 343 2306 terrarum
366 2248 564 2328 contingunt,
587 2244 772 2308 Christianis
795 2246 994 2326 temporibus
1016 2265 1035 2305 a
1058 2246 1213 2323 perversis
1236 2245 1379 2306 adscribi.
1403 2245 1596 2325 Porphyrius
1612 2248 1642 2307 in

187 2348 278 2424 libr0,
294 2368 392 2429 quern
407 2350 561 2412 adversus
577 2351 763 2431 religionem
779 2360 923 2411 nostram
940 2350 1139 2425 conscripsit:
1157 2367 1242 2409 nunc
1258 2369 1341 2423 vero,
1357 2351 1467 2429 inquit,
1483 2352 1643 2424 miramur,

187 2456 301 2515 sitam
325 2455 432 2516 multis
461 2456 551 2515 annis
578 2451 720 2536 peste³¹)
752 2456 861 2515 civitas
888 2464 1029 2527 vexatur,
1059 2472 1134 2514 cum
1160 2464 1192 2514 et
1220 2452 1432 2533 Aesculapius
1459 2463 1492 2514 et
1521 2453 1572 2514 alii
1601 2454 1643 2516 dii

187 2559 284 2640 longe
306 2559 413 2619 absint
435 2560 477 2620 ab
500 2578 546 2619 ea.
570 2558 746 2639 Postquam
769 2561 854 2619 enim
873 2557 967 2639 Jesus
990 2558 1110 2631 colitur,
1133 2556 1176 2619 nil
1201 2557 1343 2620 utilitatis
1365 2578 1384 2619 a
1407 2558 1466 2619 diis
1489 2559 1642 2638 consequi

189 2682 371 2742 possumus.
409 2662 450 2724 Et
472 2662 706 2735 Demetrianus,
735 2680 832 2741 quem
856 2659 1035 2740 Cyprianus
1058 2664 1212 2723 acerrime
1239 2660 1355 2736 refellit,
1379 2661 1469 2735 bella,
1500 2664 1643 2736 morbos,

187 2767 306 2827 famem
330 2768 425 2828 nobis
448 2767 614 2828 tribuebat.
649 2766 849 2847 Augustinus
873 2784 1006 2847 quoque
1035 2768 1066 2826 in
1098 2766 1191 2839 libris,
1219 2766 1337 2845 quibus
1364 2765 1405 2826 de
1434 2767 1559 2827 civitate
1581 2766 1642 2828 Dei

187 2869 295 2931 titulus
317 2883 373 2945 est,
396 2871 617 2949 copiosissime
640 2871 942 2952 diligentissimeque
973 2869 1033 2931 hos
1056 2870 1237 2943 confutavit,
1269 2881 1303 2932 ut
1330 2881 1510 2932 monstrum
1534 2871 1573 2932 sit
1596 2873 1643 2931 in·
1716 2883 1725 2896 ·

185 2972 336 3058 veniri³⁹)
360 2975 532 3049 hominem,
566 2978 618 3055 qui
648 2977 833 3053 opinionem
857 2994 876 3035 a
899 2974 1087 3036 doctissimo
1119 2992 1251 3055 quoque
1273 2974 1488 3054 improbatam
1511 2973 1644 3035 damna-

184 3092 317 3159 tamque
340 3081 430 3159 sequi
446 3089 477 3140 et
493 3092 670 3141 restaurare
686 3079 811 3140 audeat.
835 3076 880 3140 At
896 3078 1083 3160 religionem
1099 3097 1230 3157 quoque
1246 3099 1265 3139 a
1281 3077 1485 3157 pontificibus
1500 3097 1643 3139 eversam

185 3185 376 3247 criminatur.
393 3183 480 3263 Quid
495 3184 545 3245 hic
561 3184 673 3257 dicam,
686 3185 803 3245 nescio.
819 3182 853 3246 Si
868 3184 953 3244 enim
970 3183 1047 3262 quid
1063 3184 1216 3263 proferret
1233 3185 1364 3257 ratione,
1377 3182 1643 3261 authoritateque,

186 3308 242 3349 cur
271 3287 430 3367 plerisque
460 3292 576 3350 nostris
606 3291 755 3349 institutis
785 3289 1029 3368 cerimoniisque
1064 3287 1255 3360 offendatur,
1287 3286 1479 3361 ostenderet,
1512 3305 1644 3366 respon-

186 3391 352 3454 deremus:
375 3392 508 3455 forsitan
531 3404 574 3466 ut,
597 3395 651 3472 qui
675 3391 759 3454 male
780 3391 928 3471 loquitur,
952 3391 1035 3452 male
1058 3411 1189 3473 quoque
1212 3390 1330 3454 audiat.
1366 3389 1452 3451 Nihil
1475 3390 1538 3451 tale
1561 3390 1642 3453 facit.

188 3497 300 3576 ltaque
322 3509 377 3559 aut
400 3515 462 3578 ego
485 3497 583 3570 fallor,
607 3508 662 3558 aut
685 3495 865 3577 indignatur
895 3496 1083 3574 pontificum
1111 3514 1184 3556 cura
1209 3505 1241 3556 et
1269 3494 1428 3577 diligentia
1451 3495 1570 3572 priscas
1593 3513 1641 3555 re·

187 3601 320 3682 ligiones
343 3613 375 3662 et
398 3601 519 3663 cultum
543 3599 771 3681 multomm³⁵⁸l
804 3600 939 3661 deorum
963 3601 1138 3661 evanuisse.
1176 3599 1274 3679 Quod
1298 3600 1323 3661 si
1346 3599 1389 3661 ita
1412 3609 1470 3672 est,
1493 3599 1641 3677 improbe

187 3725 306 3766 nomen
323 3703 489 3768 Christiani
513 3717 653 3785 usurpat,
677 3724 782 3785 neque
804 3704 921 3786 dignus
944 3714 999 3778 est,
1023 3723 1097 3764 cum
1120 3723 1186 3783 quo
1209 3724 1227 3764 a
1251 3701 1431 3766 Christiano
1455 3701 1642 3781 disputetur.

186 3807 429 3872 Commemorat
463 3812 547 3871 enim
582 3809 687 3871 adhuc
716 3809 903 3888 Torquatos
933 3819 966 3870 et
999 3805 1158 3882 Camillos,
1186 3809 1277 3887 quasi
1287 3801 1329 3888 ³⁴)
1360 3807 1414 3867 viri
1445 3806 1486 3868 illi
1521 3808 1642 3884 patriae

187 3915 402 3987 amantissimi,
426 3916 504 3975 siin
527 3917 588 3975 vita
612 3924 644 3975 et
667 3924 776 3976 nostra
799 3913 962 3992 republica
985 3922 1099 3986 essent,
1130 3913 1252 3992 passuri
1284 3911 1414 3972 fuissent
1444 3928 1642 3990 quemquam

185 4020 317 4096 impune
341 4019 521 4096 provinciae
543 4021 684 4099 quietem
708 4019 836 4079 turbare
858 4029 913 4079 aut
936 4036 982 4091 ea,
1005 4035 1089 4096 quae
1111 4035 1171 4094 pro
1194 4015 1296 4077 salute
1319 4017 1385 4076 eius
1401 4025 1562 4096 geruntur,
1586 4015 1643 4074 im-

189 4121 304 4199 pedire.
328 4120 392 4184 Sed
416 4141 650 4201 prosequamur
673 4122 808 4202 reliqua:

486 4260 537 4324 »Si
560 4263 657 4322 vitam
681 4262 826 4339 inspicias
849 4260 937 4333 illius,
961 4259 1121 4341 religionis

570 4365 714 4447 Vestigia
738 4375 867 4424 sanctae
890 4382 1018 4424 cernere
1041 4361 1126 4424 nulla
1150 4361 1251 4425 datur.

484 4471 598 4531 Fastus
622 4481 653 4529 et
677 4471 818 4537 ambiti0,
843 4469 989 4546 impietas
1013 4466 1196 4527 dominatur

569 4571 678 4653 Atque
701 4575 806 4634 omnis
830 4573 934 4633 morbi
959 4582 1061 4633 mater
1083 4573 1221 4631 avaritia.

279 4762 311 4829 ²⁸)
330 4763 358 4813 hl
379 4762 455 4813 nasci
476 4763 622 4829 vynechal.

277 4848 310 4914 π)
328 4849 356 4900 Μ
375 4848 500 4915 gallicae.

279 4933 312 5001 ³⁰)
331 4936 358 4986 M
378 4951 441 5002 quo,

278 5019 311 5089 ³¹)
329 5023 356 5074 hl
376 5023 454 5074 slovo
474 5031 502 5073 to
521 5022 667 5088 vynechal.

278 5105 312 5176 ⁸²)
330 5109 358 5160 M
377 5124 429 5160 nec
449 5116 521 5174 agat.

280 5192 312 5262 ⁸¹)
331 5195 358 5246 M
378 5196 523 5248 cultorum.

280 5279 312 5348 ³⁴)
332 5282 359 5332 hl
379 5299 453 5334 num.
