3660 5850
751 365 845 424 1506.
1475 364 1526 417 161

79 600 116 652 ea,
134 599 220 659 quae
238 579 280 642 ad
297 581 413 658 stipem
437 598 543 640 meam
566 581 733 659 pertinent,
748 577 866 660 Regiae
881 577 1038 642 lllaiestati
1062 578 1233 641 identidem
1258 579 1437 640 inculcaret.
1460 578 1524 642 Sed

79 684 148 766 quid
171 686 203 745 in
230 685 353 761 sylvam
384 682 467 765 ligna
497 683 585 745 lero?
615 682 728 763 Neque
758 683 844 746 aliud
875 694 923 745 est
953 683 1032 745 haec
1061 703 1114 745 me
1144 683 1186 745 ad
1214 684 1404 745 rescribere
1427 703 1524 764 quam

79 808 164 851 iures
187 800 259 851 tuas
282 788 397 850 frustra
421 786 609 849 obtundere.
633 786 745 868 ltaque
767 786 828 849 hoc
850 788 954 849 solum
978 789 1037 849 abs
1059 798 1092 850 te
1113 806 1234 867 precor,
1257 797 1292 849 ut
1315 789 1346 848 in
1369 786 1431 848 hoc
1454 798 1524 849 toto

79 896 201 976 regotio
232 892 263 954 id
286 912 373 974 agas,
397 892 487 973 quod
510 912 528 953 e
551 912 584 953 re
608 911 682 954 mea
712 912 782 953 esse
814 895 982 971 putaveris.
1015 892 1066 955 De
1095 892 1263 961 Plutarcho
1294 910 1410 975 graeco
1440 891 1524 954 adeo

79 998 266 1070 >bmutuisti
297 1009 332 1059 ut
362 1000 429 1078 ipse
461 1016 593 1078 quoque
624 998 738 1059 eadem
769 996 810 1059 de
842 1016 875 1058 re
905 998 999 1060 toties
1028 996 1070 1059 ad
1100 1009 1132 1060 te
1162 998 1300 1059 scribere
1330 997 1524 1058 erubescam.

79 1086 233 1181 Quoniam
257 1111 365 1163 tamen
390 1101 513 1163 lunone
543 1105 685 1164 extincta
716 1121 766 1164 res
796 1101 838 1164 ad
862 1103 971 1164 Iovem
1002 1102 1169 1176 redierunt,
1193 1104 1249 1176 lac,
1272 1103 1297 1162 si
1321 1100 1386 1162 fieri
1409 1111 1524 1179 potest,

79 1217 103 1266 1t
127 1205 288 1267 desiderio
311 1226 386 1267 meo
410 1225 656 1288 morem,geras.
685 1205 769 1269 Nihil
792 1209 877 1269 enim
900 1210 933 1268 in
955 1227 989 1268 re
1011 1207 1145 1269 literaria
1169 1216 1225 1281 est,
1249 1204 1338 1286 quod
1360 1205 1423 1267 hoc
1445 1215 1524 1265 tem-

79 1331 149 1371 iore
173 1310 291 1374 malim.
324 1309 417 1384 Vale,
440 1312 562 1388 optime
585 1309 773 1391 Augustine,
797 1322 828 1373 et
855 1311 962 1391 aliqua
991 1310 1032 1371 de
1059 1313 1155 1373 rebus
1185 1310 1370 1392 Hungariae
1399 1307 1441 1370 ad
1471 1328 1524 1369 me

79 1416 180 1477 resbe.
204 1413 410 1477 Cadanenses
426 1415 483 1476 tibi
506 1414 709 1489 commend0,
725 1425 757 1478 et
772 1427 808 1478 ut
822 1416 881 1477 abs
904 1425 936 1476 te
958 1415 1096 1497 benigne
1121 1416 1318 1494 excipiantur
1332 1413 1525 1474 humaniter-

79 1539 135 1598 ]ue
157 1530 339 1594 tractentur,
363 1521 459 1580 etiam
484 1529 580 1600 atque
604 1521 700 1580 etiam
723 1538 811 1600 rogo.
834 1517 939 1581 Datae
962 1518 1225 1597 Hassensteynae
1250 1520 1298 1583 15.
1318 1517 1523 1597 Septembris.

157 1707 279 1760 Vrollenl
298 1706 363 1760 listu
382 1706 502 1775 vyply'va
520 1723 552 1759 ze
572 1707 645 1759 dvou
664 1705 783 1759 nardielr
801 1723 838 1759 na
856 1706 1003 1759 nedavnou
1027 1713 1096 1759 smrt
1114 1705 1286 1769 kralovninu,
1305 1722 1320 1758 z
1339 1704 1422 1758 nichi
1440 1704 1524 1773 jedna

82 1802 123 1847 est
136 1794 211 1847 hned
232 1811 268 1847 na
280 1794 407 1862 pollatltu,
422 1794 509 1847 druha
522 1812 556 1847 ve
569 1794 699 1848 slovech:
718 1794 822 1847 lunone
842 1793 963 1847 extincta
980 1810 1025 1846 res
1043 1793 1077 1846 ad
1096 1794 1190 1846 Iovem
1208 1792 1356 1846 redierunt.
1375 1792 1523 1861 Ovy'plate

79 1880 255 1950 larovanymi
275 1882 339 1950 voly
358 1880 422 1949 byla
443 1881 480 1949 jii
505 1881 616 1935 zmlnlra
639 1899 656 1933 v
675 1882 739 1935 listu
758 1881 817 1934 126.
847 1881 970 1934 Podivne
992 1880 1048 1949 jest
1069 1881 1119 1934 zde
1141 1879 1310 1949 doporueenl
1328 1879 1523 1948 Kadallslry'ch,

79 1968 190 2022 inimii
209 1969 274 2038 pirni
293 1968 459 2022 Lobltovieti
478 1969 588 2023 tenkrat
607 1969 671 2022 meli
690 1986 762 2039 spor,
779 1968 825 2037 jak
843 1969 954 2038 vysvltii
971 1985 986 2021 z
1005 1967 1069 2021 lista
1088 1967 1138 2021 126
1156 1985 1174 2021 a
1192 1966 1250 2021 131.

765 2249 835 2314 129.

372 2391 594 2466 Bohuslav
619 2388 870 2463 Bernhardu
898 2386 1222 2462 Adelmannovi.

156 2562 178 2616 Ζ
199 2560 354 2620 Η13111111111
373 2565 465 2631 (15118)
483 2595 514 2602 -
533 2565 559 2620 3.
579 2564 657 2635 ilina.
677 2563 792 2632 Nemaje
811 2564 846 2617 od
865 2564 947 2626 neho,
967 2579 1001 2616 co
1019 2563 1065 2633 byl
1083 2563 1119 2616 do
1138 2562 1322 2617 Nizozemska
1340 2562 1442 2624 odelel,
1462 2558 1523 2612 dad-

79 2651 143 2718 y'cli
163 2651 257 2718 zpralv,
276 2650 418 2719 vyslovuje
437 2651 535 2713 obavu,
555 2651 609 2720 aby
628 2653 664 2706 ho
683 2653 793 2706 nehoda
816 2650 914 2720 nejalta
939 2668 975 2704 na
999 2651 1112 2704 cestltch
1131 2650 1195 2719 byla
1214 2649 1369 2719 nepotlrala.
1396 2632 1471 2702 Zada
1490 2663 1523 2700 za

79 2737 164 2804 niby,
185 2738 289 2790 zvlaste
308 2739 398 2792 111116.
418 2739 627 2792 Zamluveneho
646 2740 718 2793 lione
737 2739 843 2807 slibuje,
862 2738 894 2792 11
912 2741 989 2808 podle
1008 2757 1063 2802 mu,
1076 2738 1108 2791 ai
1121 2736 1263 2792 Bernhard
1282 2755 1313 2790 se
1331 2737 1409 2798 vratl,
1427 2752 1445 2788 a
1462 2735 1521 2788 sam

79 2826 139 2877 ude
160 2823 261 2886 vadari,
281 2824 344 2877 ltam
362 2824 398 2892 jej
418 2825 526 2894 poalati.
556 2825 618 2894 Bojl
636 2844 675 2889 se,
695 2826 726 2880 ie
745 2844 781 2894 po
797 2826 857 2894 jaru
876 2827 1004 2895 vypukne
1023 2845 1040 2879 v
1059 2813 1189 2880 Cechach
1208 2822 1289 2878 1111111
1310 2823 1459 2887 1111111111,
1478 2841 1522 2876 ne·

79 2910 212 2964 abrani-li
230 2911 250 2978 ji
269 2912 375 2964 hrozlcl
395 2929 463 2965 mor.
482 2913 562 2965 Prosl
581 2930 597 2965 o
616 2913 679 2982 leky
697 2930 714 2965 a
732 2913 877 2967 lelral‘sltou
895 2912 963 2967 tadu
982 2913 1052 2982 proti
1072 2916 1165 2967 nemu.
1183 2913 1262 2982 (Luc.
1282 2910 1350 2979 116.)

155 3087 346 3151 Bernhardo
368 3088 574 3152 Adelmanno
598 3111 621 3151 s.
644 3112 674 3170 p.
698 3091 727 3152 d.
757 3090 931 3153 Molestum
954 3091 1030 3152 mihi
1052 3102 1099 3153 est
1122 3091 1281 3152 silentium
1303 3099 1405 3163 taum,
1428 3088 1523 3150 Bern-

79 3193 178 3266 arde,
203 3211 268 3253 non
299 3193 388 3273 quod
419 3214 536 3270 verear,
560 3215 601 3256 ne
632 3195 710 3276 quid
740 3215 783 3258 ex
814 3196 1034 3257 benevolentia
1064 3214 1138 3276 erga
1168 3213 1221 3255 me
1250 3195 1408 3256 remiseris
1432 3189 1521 3276 (quid

79 3298 155 3360 nim
182 3298 256 3358 mibi
280 3301 389 3359 animo
412 3308 469 3361 tuo
493 3296 729 3383 exploratiusll,
753 3299 810 3362 sed
833 3302 908 3381 quia
935 3320 977 3362 ex
1000 3320 1040 3362 eo
1063 3310 1219 3379 ternpore,
1242 3301 1363 3380 quoin
1386 3297 1523 3379 Galliam

79 3401 233 3464 rofectus
256 3421 299 3475 es,
316 3421 421 3482 neque
444 3413 500 3464 aut
523 3423 565 3465 ex
589 3404 684 3466 literis
707 3407 768 3467 tuis
790 3415 845 3466 aut
867 3403 979 3467 saltem
1003 3403 1096 3478 fama,
1111 3422 1153 3465 an
1175 3405 1206 3465 in
1229 3405 1364 3482 patriam
1379 3421 1522 3464 reversus

80 3527 109 3582 S,
139 3509 338 3587 cognescere
360 3509 465 3586 potui;
488 3508 576 3569 unde
599 3507 642 3582 fit,
659 3519 702 3582 ut,
725 3508 802 3570 dum
826 3510 1092 3591 peregrinantium
1116 3527 1217 3583 casus,
1232 3510 1353 3569 viarum
1377 3506 1522 3587 pericula,

79 3625 86 3674 t
115 3608 214 3690 quod
238 3613 378 3672 maxime
401 3630 454 3673 me
476 3621 581 3686 terret,
605 3613 817 3691 pestilentiam
841 3614 873 3675 in
896 3612 1038 3691 pluribus
1061 3611 1253 3674 Germaniae
1283 3612 1360 3673 locis
1382 3612 1523 3672 saevien-

79 3735 130 3777 em
164 3714 344 3788 consider0,
368 3716 423 3776 tibi
454 3734 520 3776 non
551 3717 662 3778 timere
692 3718 824 3779 minime
851 3719 981 3797 possim.
1020 3715 1088 3780 Scis
1117 3719 1201 3778 enim
1232 3716 1318 3778 hune
1346 3716 1521 3778 amantium

79 3837 194 3882 iorem
218 3837 296 3892 esse,
320 3829 355 3880 ut
377 3838 504 3900 semper
533 3819 575 3881 ad
607 3820 765 3882 deteriora
796 3821 989 3900 suspicanda
1017 3821 1182 3902 proniores
1204 3822 1273 3883 sint.
1311 3817 1444 3881 Accedit
1467 3817 1523 3893 his,

79 3920 156 3986 uod
177 3920 321 4002 Joannes
352 3942 483 4003 quoque
506 3922 604 3984 lnliof
629 3926 671 3985 ita
703 3924 872 3999 obmutuit,
895 3936 930 3987 ut
960 3945 1002 3986 ex
1033 3944 1130 3987 corvo
1153 3923 1297 4003 Seriphia
1324 3943 1399 3985 rana
1423 3923 1524 3984 lactus

80 4028 220 4090 deatur.
244 4024 355 4105 ltaque
378 4028 437 4088 etsi
459 4046 554 4106 spero
578 4029 686 4089 omnia
709 4048 744 4089 se
767 4039 851 4091 recte
874 4029 1001 4104 habere,
1022 4029 1126 4092 donec
1148 4041 1257 4090 tamen
1280 4028 1387 4090 literas
1410 4027 1469 4088 abs
1492 4037 1524 4089 te

79 4148 231 4211 :cepero
247 4131 355 4191 animo
379 4132 487 4210 quieto
510 4132 745 4214 tranquilloque
768 4154 838 4196 esse
861 4134 948 4196 nullo
972 4133 1072 4197 modo
1095 4152 1235 4212 possum.
1259 4131 1309 4193 De
1331 4150 1365 4193 re
1388 4132 1523 4193 literaria

81 4249 143 4301 tra
168 4253 218 4306 ea,
234 4252 316 4313 quae
338 4234 527 4314 iampridem
549 4237 606 4297 tibi
627 4237 783 4301 inculcata
806 4251 888 4313 sunt,
911 4238 986 4301 nihil
1008 4241 1040 4300 in
1062 4238 1248 4319 praesentia,
1264 4234 1354 4317 quod
1377 4235 1521 4310 scribam,

79 4343 191 4403 ibeo:
214 4356 329 4416 precor
351 4337 518 4415 duntaxat,
534 4352 570 4402 ut
585 4343 610 4402 is
626 4343 675 4415 sis,
693 4344 747 4421 qui
770 4342 924 4404 hactenus
947 4343 1038 4416 luisti,
1058 4344 1198 4403 maxime
1213 4343 1238 4402 si
1254 4360 1338 4421 quae
1360 4339 1522 4401 volumina

79 4464 179 4508 ·aeca
204 4445 236 4503 in
257 4441 362 4504 lucem
385 4444 579 4523 prodierunt,
603 4444 687 4507 Nam
711 4465 784 4507 cum
799 4443 904 4508 Aldus
927 4457 995 4509 tum
1018 4445 1070 4506 alii
1092 4448 1124 4507 in
1146 4442 1401 4524 praefatiunculis
1422 4443 1522 4505 multa

79 4549 198 4614 >lliciti
220 4556 303 4619 sunt,
328 4566 412 4627 quae
442 4546 483 4608 ad
507 4568 559 4610 me
582 4549 728 4611 nondum
757 4562 977 4628 pervenerunt.
1011 4549 1149 4630 Equum,
1172 4548 1302 4629 dequo
1332 4546 1520 4626 iampridem

79 4656 94 4717 1
124 4671 185 4715 me
208 4652 366 4730 scripsisti,
389 4660 457 4712 tum
482 4653 537 4713 tibi
561 4651 724 4736 mittam,*)
747 4674 820 4715 cum
844 4674 885 4716 ex
908 4653 1011 4716 Gallia
1034 4672 1195 4714 reversum
1218 4671 1408 4735 cognovero
1427 4653 1521 4733 signi-

79 4756 275 4834 :averisque
299 4755 383 4828 mihi,
407 4753 631 4837 Augustamne
653 4777 695 4818 an
717 4757 899 4836 Eystaviam
921 4754 989 4840 (sic)
1013 4777 1088 4818 eum
1111 4759 1190 4818 mitti
1213 4757 1297 4818 velis.
1320 4755 1448 4835 Quodsi
1470 4775 1521 4816 res

79 4864 187 4926 atriae
211 4878 303 4919 meae
325 4878 519 4941 cognoscere
542 4862 595 4933 vis,
619 4864 698 4923 scito
722 4864 829 4922 omnia
852 4861 893 4923 ad
917 4881 1006 4923 arma
1028 4872 1181 4939 spectare,
1198 4872 1230 4922 et
1253 4862 1312 4922 nisi
1335 4860 1520 4940 pestilentia,

79 4985 147 5030 uae
180 4964 244 5025 iam
274 4964 391 5024 vicinas
421 4966 567 5047 regiones
599 4963 779 5045 populatur,
810 4977 935 5027 nostras
966 4964 1137 5027 seditiones
1167 4964 1351 5038 cohibuerit,
1375 4966 1428 5025 vix
1454 4963 1521 5024 fieri

79 5078 182 5142 otest,
199 5068 275 5147 quin
292 5068 478 5130 intestinum
501 5066 621 5130 bellum
644 5071 794 5150 proximo
810 5088 884 5131 vere
906 5068 1042 5132 habituri
1064 5072 1171 5132 simus.
1195 5067 1235 5129 Et
1254 5069 1406 5148 quoniam
1423 5068 1520 5145 pestis

150 5291 180 5357 ³⁵)
199 5288 315 5341 Sloveso
334 5296 363 5342 to
382 5291 521 5359 doplnllno
540 5292 621 5360 podle
640 5292 754 5360 smyslu,
774 5290 849 5345 Mitis
866 5291 933 5360 jeho
952 5290 1042 5345 nemi¹

113 5410 218 5454 Sblrlra
236 5408 391 5460 prumentv.
410 5411 505 5463 Slrupina
519 5413 592 5454 drabe.
611 5404 676 5454 Ctalo.
692 5413 710 5453 1.
