<?xml version="1.0" encoding="UTF-8"?>
<!DOCTYPE html PUBLIC "-//W3C//DTD XHTML 1.0 Transitional//EN"
    "http://www.w3.org/TR/xhtml1/DTD/xhtml1-transitional.dtd">
<html xmlns="http://www.w3.org/1999/xhtml" xml:lang="en" lang="en">
 <head>
  <title>
</title>
<meta http-equiv="Content-Type" content="text/html;charset=utf-8" />
  <meta name='ocr-system' content='tesseract 3.04.00' />
  <meta name='ocr-capabilities' content='ocr_page ocr_carea ocr_par ocr_line ocrx_word'/>
</head>
<body>
  <div class='ocr_page' id='page_1' title='image "./listbohuslavaha00truhgoog_0195.png"; bbox 0 0 3660 5850; ppageno 0'>
   <div class='ocr_carea' id='block_1_1' title="bbox 847 390 940 449">
    <p class='ocr_par' dir='ltr' id='par_1_1' title="bbox 847 390 940 449">
     <span class='ocr_line' id='line_1_1' title="bbox 847 390 940 449; baseline -0.011 -1"><span class='ocrx_word' id='word_1_1' title='bbox 847 390 940 449; x_wconf 79' lang='lat'><strong>150⁷.</strong></span> 
     </span>
    </p>
   </div>
   <div class='ocr_carea' id='block_1_2' title="bbox 597 658 1196 891">
    <p class='ocr_par' dir='ltr' id='par_1_2' title="bbox 597 658 1196 891">
     <span class='ocr_line' id='line_1_2' title="bbox 858 658 927 722; baseline -0.058 -1"><span class='ocrx_word' id='word_1_2' title='bbox 858 658 927 722; x_wconf 79' lang='lat'>143.</span> 
     </span>
     <span class='ocr_line' id='line_1_3' title="bbox 597 794 1196 891; baseline 0.002 -24"><span class='ocrx_word' id='word_1_3' title='bbox 597 794 816 868; x_wconf 89' lang='lat' dir='ltr'>Bohuslav</span> <span class='ocrx_word' id='word_1_4' title='bbox 839 794 948 890; x_wconf 87' lang='lat' dir='ltr'>Janu</span> <span class='ocrx_word' id='word_1_5' title='bbox 979 795 1196 891; x_wconf 80' lang='lat' dir='ltr'>Filipcovi.</span> 
     </span>
    </p>
   </div>
   <div class='ocr_carea' id='block_1_3' title="bbox 167 962 1620 1122">
    <p class='ocr_par' dir='ltr' id='par_1_3' title="bbox 167 962 1620 1122">
     <span class='ocr_line' id='line_1_4' title="bbox 256 962 1620 1032; baseline 0.002 -14"><span class='ocrx_word' id='word_1_6' title='bbox 256 962 277 1018; x_wconf 87' lang='grc' dir='ltr'><strong><em>Ζ</em></strong></span> <span class='ocrx_word' id='word_1_7' title='bbox 296 962 450 1021; x_wconf 74' lang='lat' dir='ltr'>llaslltoina</span> <span class='ocrx_word' id='word_1_8' title='bbox 469 965 561 1032; x_wconf 80' lang='grc'><strong>(1507)</strong></span> <span class='ocrx_word' id='word_1_9' title='bbox 575 965 657 1021; x_wconf 83' lang='grc'><strong>-31,</strong></span> <span class='ocrx_word' id='word_1_10' title='bbox 677 964 817 1024; x_wconf 71' lang='lat' dir='ltr'>tarvenna.</span> <span class='ocrx_word' id='word_1_11' title='bbox 846 966 998 1021; x_wconf 75' lang='lat' dir='ltr'>Ptedklrtda</span> <span class='ocrx_word' id='word_1_12' title='bbox 1016 983 1086 1021; x_wconf 85' lang='lat' dir='ltr'>svou</span> <span class='ocrx_word' id='word_1_13' title='bbox 1104 984 1121 1020; x_wconf 86' lang='lat' dir='ltr'>a</span> <span class='ocrx_word' id='word_1_14' title='bbox 1139 965 1237 1021; x_wconf 75' lang='lat' dir='ltr'>ceteho</span> <span class='ocrx_word' id='word_1_15' title='bbox 1255 966 1325 1020; x_wconf 87' lang='lat' dir='ltr'>rodu</span> <span class='ocrx_word' id='word_1_16' title='bbox 1342 965 1559 1020; x_wconf 78' lang='lat' dir='ltr'>Loblrovickeho</span> <span class='ocrx_word' id='word_1_17' title='bbox 1577 966 1620 1021; x_wconf 67' lang='lat' dir='ltr'>ia-</span> 
     </span>
     <span class='ocr_line' id='line_1_5' title="bbox 167 1050 860 1122; baseline 0.004 -18"><span class='ocrx_word' id='word_1_18' title='bbox 167 1050 240 1114; x_wconf 84' lang='lat' dir='ltr'>dost,</span> <span class='ocrx_word' id='word_1_19' title='bbox 258 1050 313 1122; x_wconf 86' lang='lat' dir='ltr'>aby</span> <span class='ocrx_word' id='word_1_20' title='bbox 332 1068 362 1105; x_wconf 89' lang='lat' dir='ltr'>se</span> <span class='ocrx_word' id='word_1_21' title='bbox 378 1050 436 1118; x_wconf 86' lang='lat' dir='ltr'>jich</span> <span class='ocrx_word' id='word_1_22' title='bbox 457 1070 474 1106; x_wconf 93' lang='lat' dir='ltr'>u</span> <span class='ocrx_word' id='word_1_23' title='bbox 493 1051 567 1106; x_wconf 75' lang='lat' dir='ltr'>krfle</span> <span class='ocrx_word' id='word_1_24' title='bbox 587 1051 649 1119; x_wconf 84' lang='lat' dir='ltr'>ujal.</span> <span class='ocrx_word' id='word_1_25' title='bbox 667 1053 747 1120; x_wconf 89' lang='lat' dir='ltr'>(Luc.</span> <span class='ocrx_word' id='word_1_26' title='bbox 767 1052 860 1122; x_wconf 78' lang='grc'><strong>1391.)</strong></span> 
     </span>
    </p>
   </div>
   <div class='ocr_carea' id='block_1_4' title="bbox 167 1229 1621 2978">
    <p class='ocr_par' dir='ltr' id='par_1_4' title="bbox 167 1229 1621 2978">
     <span class='ocr_line' id='line_1_6' title="bbox 254 1229 1621 1312; baseline 0.003 -22"><span class='ocrx_word' id='word_1_27' title='bbox 254 1229 533 1292; x_wconf 89' lang='lat' dir='ltr'>Reverendissimo</span> <span class='ocrx_word' id='word_1_28' title='bbox 546 1250 606 1291; x_wconf 90' lang='lat' dir='ltr'>suo</span> <span class='ocrx_word' id='word_1_29' title='bbox 620 1231 752 1293; x_wconf 90' lang='lat' dir='ltr'>domino</span> <span class='ocrx_word' id='word_1_30' title='bbox 766 1229 881 1312; x_wconf 88' lang='lat' dir='ltr'>Joanni</span> <span class='ocrx_word' id='word_1_31' title='bbox 896 1231 970 1294; x_wconf 92' lang='lat' dir='ltr'>olim</span> <span class='ocrx_word' id='word_1_32' title='bbox 986 1231 1208 1294; x_wconf 89' lang='lat' dir='ltr'>Waradinensi</span> <span class='ocrx_word' id='word_1_33' title='bbox 1223 1233 1386 1311; x_wconf 91' lang='lat' dir='ltr'>episcopo,</span> <span class='ocrx_word' id='word_1_34' title='bbox 1402 1250 1487 1293; x_wconf 90' lang='lat' dir='ltr'>nunc</span> <span class='ocrx_word' id='word_1_35' title='bbox 1503 1231 1621 1294; x_wconf 84' lang='lat' dir='ltr'>ordinis</span> 
     </span>
     <span class='ocr_line' id='line_1_7' title="bbox 167 1332 1621 1416; baseline 0.003 -22"><span class='ocrx_word' id='word_1_36' title='bbox 167 1333 298 1396; x_wconf 81' lang='lat' dir='ltr'>fratrum</span> <span class='ocrx_word' id='word_1_37' title='bbox 321 1336 481 1396; x_wconf 92' lang='lat' dir='ltr'>minorum</span> <span class='ocrx_word' id='word_1_38' title='bbox 497 1334 538 1396; x_wconf 92' lang='lat' dir='ltr'>de</span> <span class='ocrx_word' id='word_1_39' title='bbox 553 1336 756 1397; x_wconf 89' lang='lat' dir='ltr'>observantia</span> <span class='ocrx_word' id='word_1_40' title='bbox 778 1337 952 1415; x_wconf 82' lang='lat' dir='ltr'>professori</span> <span class='ocrx_word' id='word_1_41' title='bbox 974 1357 999 1399; x_wconf 90' lang='lat' dir='ltr'>s.</span> <span class='ocrx_word' id='word_1_42' title='bbox 1023 1355 1053 1416; x_wconf 91' lang='lat' dir='ltr'>p.</span> <span class='ocrx_word' id='word_1_43' title='bbox 1077 1335 1106 1396; x_wconf 95' lang='lat' dir='ltr'>d.</span> <span class='ocrx_word' id='word_1_44' title='bbox 1130 1332 1238 1398; x_wconf 85' lang='lat' dir='ltr'>Audio</span> <span class='ocrx_word' id='word_1_45' title='bbox 1260 1347 1290 1398; x_wconf 92' lang='lat' dir='ltr'>te</span> <span class='ocrx_word' id='word_1_46' title='bbox 1306 1334 1494 1415; x_wconf 86' lang='lat' dir='ltr'><strong>propediem</strong></span> <span class='ocrx_word' id='word_1_47' title='bbox 1510 1335 1621 1398; x_wconf 86' lang='lat' dir='ltr'>Budae</span> 
     </span>
     <span class='ocr_line' id='line_1_8' title="bbox 167 1439 1621 1522; baseline -0.001 -22"><span class='ocrx_word' id='word_1_48' title='bbox 167 1439 316 1513; x_wconf 90' lang='lat' dir='ltr'>futurum,</span> <span class='ocrx_word' id='word_1_49' title='bbox 339 1449 372 1500; x_wconf 88' lang='lat' dir='ltr'>et</span> <span class='ocrx_word' id='word_1_50' title='bbox 394 1441 548 1518; x_wconf 88' lang='lat' dir='ltr'>quoniam</span> <span class='ocrx_word' id='word_1_51' title='bbox 571 1440 665 1501; x_wconf 84' lang='lat' dir='ltr'>frater</span> <span class='ocrx_word' id='word_1_52' title='bbox 687 1459 779 1503; x_wconf 89' lang='lat' dir='ltr'>meus</span> <span class='ocrx_word' id='word_1_53' title='bbox 802 1451 834 1502; x_wconf 91' lang='lat' dir='ltr'>et</span> <span class='ocrx_word' id='word_1_54' title='bbox 857 1459 928 1522; x_wconf 87' lang='lat' dir='ltr'>ego,</span> <span class='ocrx_word' id='word_1_55' title='bbox 951 1442 1016 1502; x_wconf 92' lang='lat' dir='ltr'>imo</span> <span class='ocrx_word' id='word_1_56' title='bbox 1039 1451 1145 1503; x_wconf 90' lang='lat' dir='ltr'>totum</span> <span class='ocrx_word' id='word_1_57' title='bbox 1168 1459 1252 1520; x_wconf 90' lang='lat' dir='ltr'>pene</span> <span class='ocrx_word' id='word_1_58' title='bbox 1274 1458 1375 1522; x_wconf 84' lang='lat' dir='ltr'>genus</span> <span class='ocrx_word' id='word_1_59' title='bbox 1398 1450 1542 1501; x_wconf 89' lang='lat' dir='ltr'>nostrum</span> <span class='ocrx_word' id='word_1_60' title='bbox 1558 1459 1621 1519; x_wconf 88' lang='lat' dir='ltr'>ope</span> 
     </span>
     <span class='ocr_line' id='line_1_9' title="bbox 167 1542 1621 1626; baseline 0 -22"><span class='ocrx_word' id='word_1_61' title='bbox 167 1555 219 1605; x_wconf 89' lang='lat' dir='ltr'>tua</span> <span class='ocrx_word' id='word_1_62' title='bbox 242 1542 431 1625; x_wconf 68' lang='lat' dir='ltr'>indigemus</span> <span class='ocrx_word' id='word_1_63' title='bbox 454 1543 652 1606; x_wconf 86' lang='lat' dir='ltr'>decrevimus</span> <span class='ocrx_word' id='word_1_64' title='bbox 674 1543 716 1606; x_wconf 91' lang='lat' dir='ltr'>ad</span> <span class='ocrx_word' id='word_1_65' title='bbox 738 1553 770 1607; x_wconf 91' lang='lat' dir='ltr'>te</span> <span class='ocrx_word' id='word_1_66' title='bbox 793 1543 974 1626; x_wconf 85' lang='lat' dir='ltr'>confugere,</span> <span class='ocrx_word' id='word_1_67' title='bbox 997 1555 1112 1622; x_wconf 84' lang='lat' dir='ltr'>utpote</span> <span class='ocrx_word' id='word_1_68' title='bbox 1135 1546 1189 1623; x_wconf 94' lang='lat' dir='ltr'>qui</span> <span class='ocrx_word' id='word_1_69' title='bbox 1213 1547 1255 1606; x_wconf 91' lang='lat' dir='ltr'>tui</span> <span class='ocrx_word' id='word_1_70' title='bbox 1279 1552 1475 1624; x_wconf 87' lang='lat' dir='ltr'>tuorumque</span> <span class='ocrx_word' id='word_1_71' title='bbox 1493 1563 1621 1622; x_wconf 89' lang='lat' dir='ltr'>semper</span> 
     </span>
     <span class='ocr_line' id='line_1_10' title="bbox 167 1645 1621 1729; baseline 0.001 -20"><span class='ocrx_word' id='word_1_72' title='bbox 167 1646 299 1709; x_wconf 74' lang='lat' dir='ltr'>studiosi</span> <span class='ocrx_word' id='word_1_73' title='bbox 320 1656 352 1708; x_wconf 91' lang='lat' dir='ltr'>et</span> <span class='ocrx_word' id='word_1_74' title='bbox 375 1647 491 1710; x_wconf 88' lang='lat' dir='ltr'>fuimus</span> <span class='ocrx_word' id='word_1_75' title='bbox 513 1657 544 1709; x_wconf 90' lang='lat' dir='ltr'>et</span> <span class='ocrx_word' id='word_1_76' title='bbox 560 1666 681 1721; x_wconf 91' lang='lat' dir='ltr'>sumus,</span> <span class='ocrx_word' id='word_1_77' title='bbox 703 1667 943 1729; x_wconf 82' lang='lat' dir='ltr'>precamurque,</span> <span class='ocrx_word' id='word_1_78' title='bbox 965 1667 1007 1709; x_wconf 89' lang='lat' dir='ltr'>ne</span> <span class='ocrx_word' id='word_1_79' title='bbox 1022 1648 1117 1709; x_wconf 95' lang='lat' dir='ltr'>nobis</span> <span class='ocrx_word' id='word_1_80' title='bbox 1139 1647 1233 1710; x_wconf 88' lang='lat' dir='ltr'>desis.</span> <span class='ocrx_word' id='word_1_81' title='bbox 1257 1645 1324 1708; x_wconf 91' lang='lat' dir='ltr'>Aut</span> <span class='ocrx_word' id='word_1_82' title='bbox 1339 1649 1424 1708; x_wconf 89' lang='lat' dir='ltr'>enim</span> <span class='ocrx_word' id='word_1_83' title='bbox 1448 1657 1503 1709; x_wconf 88' lang='lat' dir='ltr'>tua</span> <span class='ocrx_word' id='word_1_84' title='bbox 1522 1666 1621 1726; x_wconf 88' lang='lat' dir='ltr'>opera</span> 
     </span>
     <span class='ocr_line' id='line_1_11' title="bbox 167 1750 1621 1834; baseline 0.001 -21"><span class='ocrx_word' id='word_1_85' title='bbox 167 1761 219 1814; x_wconf 77' lang='lat' dir='ltr'>aut</span> <span class='ocrx_word' id='word_1_86' title='bbox 242 1751 359 1813; x_wconf 89' lang='lat' dir='ltr'>nullius</span> <span class='ocrx_word' id='word_1_87' title='bbox 382 1751 511 1813; x_wconf 89' lang='lat' dir='ltr'>alterius</span> <span class='ocrx_word' id='word_1_88' title='bbox 534 1751 573 1825; x_wconf 91' lang='lat' dir='ltr'>id,</span> <span class='ocrx_word' id='word_1_89' title='bbox 604 1752 694 1831; x_wconf 92' lang='lat' dir='ltr'>quod</span> <span class='ocrx_word' id='word_1_90' title='bbox 724 1754 879 1834; x_wconf 88' lang='lat' dir='ltr'>cupimus,</span> <span class='ocrx_word' id='word_1_91' title='bbox 910 1754 1036 1832; x_wconf 89' lang='lat' dir='ltr'>assequi</span> <span class='ocrx_word' id='word_1_92' title='bbox 1065 1770 1127 1812; x_wconf 88' lang='lat' dir='ltr'>nos</span> <span class='ocrx_word' id='word_1_93' title='bbox 1157 1770 1254 1830; x_wconf 92' lang='lat' dir='ltr'>posse</span> <span class='ocrx_word' id='word_1_94' title='bbox 1288 1771 1462 1830; x_wconf 90' lang='lat' dir='ltr'>speramus.</span> <span class='ocrx_word' id='word_1_95' title='bbox 1496 1750 1621 1816; x_wconf 88' lang='lat' dir='ltr'>Scimus</span> 
     </span>
     <span class='ocr_line' id='line_1_12' title="bbox 167 1856 1621 1939; baseline -0.001 -22"><span class='ocrx_word' id='word_1_96' title='bbox 167 1858 258 1929; x_wconf 75' lang='lat' dir='ltr'>enim,</span> <span class='ocrx_word' id='word_1_97' title='bbox 290 1866 469 1934; x_wconf 87' lang='lat' dir='ltr'>quaesunt</span> <span class='ocrx_word' id='word_1_98' title='bbox 493 1867 547 1918; x_wconf 90' lang='lat' dir='ltr'>tua</span> <span class='ocrx_word' id='word_1_99' title='bbox 570 1876 645 1938; x_wconf 88' lang='lat' dir='ltr'>erga</span> <span class='ocrx_word' id='word_1_100' title='bbox 668 1857 802 1939; x_wconf 87' lang='lat' dir='ltr'>Regiam</span> <span class='ocrx_word' id='word_1_101' title='bbox 826 1856 1028 1918; x_wconf 86' lang='lat' dir='ltr'>Maiestatem</span> <span class='ocrx_word' id='word_1_102' title='bbox 1057 1858 1176 1929; x_wconf 87' lang='lat' dir='ltr'>merita,</span> <span class='ocrx_word' id='word_1_103' title='bbox 1207 1858 1325 1918; x_wconf 89' lang='lat' dir='ltr'>scimus</span> <span class='ocrx_word' id='word_1_104' title='bbox 1348 1859 1433 1930; x_wconf 88' lang='lat' dir='ltr'>item,</span> <span class='ocrx_word' id='word_1_105' title='bbox 1464 1866 1621 1936; x_wconf 89' lang='lat' dir='ltr'>quantum</span> 
     </span>
     <span class='ocr_line' id='line_1_13' title="bbox 167 1958 1621 2041; baseline 0 -19"><span class='ocrx_word' id='word_1_106' title='bbox 167 1980 227 2022; x_wconf 77' lang='lat' dir='ltr'>roc</span> <span class='ocrx_word' id='word_1_107' title='bbox 250 1969 397 2038; x_wconf 91' lang='lat' dir='ltr'>ternpore</span> <span class='ocrx_word' id='word_1_108' title='bbox 427 1963 598 2022; x_wconf 86' lang='lat' dir='ltr'>autoritate</span> <span class='ocrx_word' id='word_1_109' title='bbox 629 1961 715 2041; x_wconf 90' lang='lat' dir='ltr'>apud</span> <span class='ocrx_word' id='word_1_110' title='bbox 747 1961 913 2023; x_wconf 89' lang='lat' dir='ltr'>hominem</span> <span class='ocrx_word' id='word_1_111' title='bbox 942 1963 1053 2041; x_wconf 89' lang='lat' dir='ltr'>possis.</span> <span class='ocrx_word' id='word_1_112' title='bbox 1091 1958 1185 2022; x_wconf 88' lang='lat' dir='ltr'>Unde</span> <span class='ocrx_word' id='word_1_113' title='bbox 1207 1959 1250 2034; x_wconf 78' lang='lat' dir='ltr'>fir,</span> <span class='ocrx_word' id='word_1_114' title='bbox 1281 1971 1315 2022; x_wconf 93' lang='lat' dir='ltr'>ut</span> <span class='ocrx_word' id='word_1_115' title='bbox 1345 1981 1409 2022; x_wconf 92' lang='lat' dir='ltr'>non</span> <span class='ocrx_word' id='word_1_116' title='bbox 1437 1961 1621 2022; x_wconf 88' lang='lat' dir='ltr'>dubitemus</span> 
     </span>
     <span class='ocr_line' id='line_1_14' title="bbox 167 2063 1621 2145; baseline 0.001 -21"><span class='ocrx_word' id='word_1_117' title='bbox 167 2083 223 2127; x_wconf 82' lang='lat' dir='ltr'>ros</span> <span class='ocrx_word' id='word_1_118' title='bbox 245 2064 336 2125; x_wconf 86' lang='lat' dir='ltr'>facile</span> <span class='ocrx_word' id='word_1_119' title='bbox 352 2084 398 2138; x_wconf 89' lang='lat' dir='ltr'>ea,</span> <span class='ocrx_word' id='word_1_120' title='bbox 422 2084 506 2144; x_wconf 88' lang='lat' dir='ltr'>quae</span> <span class='ocrx_word' id='word_1_121' title='bbox 530 2075 689 2144; x_wconf 92' lang='lat' dir='ltr'>optamus,</span> <span class='ocrx_word' id='word_1_122' title='bbox 712 2068 882 2144; x_wconf 87' lang='lat' dir='ltr'>impetrare</span> <span class='ocrx_word' id='word_1_123' title='bbox 897 2083 1003 2144; x_wconf 89' lang='lat' dir='ltr'>posse,</span> <span class='ocrx_word' id='word_1_124' title='bbox 1026 2067 1052 2126; x_wconf 92' lang='lat' dir='ltr'>si</span> <span class='ocrx_word' id='word_1_125' title='bbox 1075 2074 1109 2126; x_wconf 91' lang='lat' dir='ltr'>tu</span> <span class='ocrx_word' id='word_1_126' title='bbox 1125 2065 1219 2126; x_wconf 92' lang='lat' dir='ltr'>nobis</span> <span class='ocrx_word' id='word_1_127' title='bbox 1234 2063 1369 2127; x_wconf 88' lang='lat' dir='ltr'>affueris.</span> <span class='ocrx_word' id='word_1_128' title='bbox 1393 2065 1485 2145; x_wconf 88' lang='lat' dir='ltr'>Quae</span> <span class='ocrx_word' id='word_1_129' title='bbox 1512 2066 1621 2126; x_wconf 88' lang='lat' dir='ltr'>omnia</span> 
     </span>
     <span class='ocr_line' id='line_1_15' title="bbox 167 2167 1620 2250; baseline 0.001 -22"><span class='ocrx_word' id='word_1_130' title='bbox 167 2167 268 2248; x_wconf 71' lang='lat' dir='ltr'>qualia</span> <span class='ocrx_word' id='word_1_131' title='bbox 290 2172 360 2242; x_wconf 88' lang='lat' dir='ltr'>sint,</span> <span class='ocrx_word' id='word_1_132' title='bbox 383 2168 581 2242; x_wconf 89' lang='lat' dir='ltr'>Franciscus,</span> <span class='ocrx_word' id='word_1_133' title='bbox 605 2168 764 2231; x_wconf 88' lang='lat' dir='ltr'>familiaris</span> <span class='ocrx_word' id='word_1_134' title='bbox 787 2188 886 2244; x_wconf 89' lang='lat' dir='ltr'>meus,</span> <span class='ocrx_word' id='word_1_135' title='bbox 910 2169 967 2232; x_wconf 91' lang='lat' dir='ltr'>tibi</span> <span class='ocrx_word' id='word_1_136' title='bbox 990 2187 1100 2230; x_wconf 91' lang='lat' dir='ltr'>coram</span> <span class='ocrx_word' id='word_1_137' title='bbox 1122 2169 1245 2237; x_wconf 86' lang='lat' dir='ltr'>reseret.</span> <span class='ocrx_word' id='word_1_138' title='bbox 1273 2188 1371 2250; x_wconf 91' lang='lat' dir='ltr'>quem</span> <span class='ocrx_word' id='word_1_139' title='bbox 1393 2187 1508 2248; x_wconf 91' lang='lat' dir='ltr'>precor</span> <span class='ocrx_word' id='word_1_140' title='bbox 1530 2178 1566 2230; x_wconf 88' lang='lat' dir='ltr'>ut</span> <span class='ocrx_word' id='word_1_141' title='bbox 1589 2181 1620 2230; x_wconf 93' lang='lat' dir='ltr'>et</span> 
     </span>
     <span class='ocr_line' id='line_1_16' title="bbox 167 2271 1620 2354; baseline 0 -21"><span class='ocrx_word' id='word_1_142' title='bbox 167 2274 300 2354; x_wconf 71' lang='lat' dir='ltr'>aenigne</span> <span class='ocrx_word' id='word_1_143' title='bbox 323 2274 466 2351; x_wconf 89' lang='lat' dir='ltr'>excipias</span> <span class='ocrx_word' id='word_1_144' title='bbox 490 2282 529 2346; x_wconf 90' lang='lat' dir='ltr'>et,</span> <span class='ocrx_word' id='word_1_145' title='bbox 552 2274 578 2334; x_wconf 88' lang='lat' dir='ltr'>si</span> <span class='ocrx_word' id='word_1_146' title='bbox 601 2272 667 2334; x_wconf 89' lang='lat' dir='ltr'>fieri</span> <span class='ocrx_word' id='word_1_147' title='bbox 690 2284 805 2353; x_wconf 87' lang='lat' dir='ltr'>potest,</span> <span class='ocrx_word' id='word_1_148' title='bbox 829 2273 925 2334; x_wconf 88' lang='lat' dir='ltr'>etiam</span> <span class='ocrx_word' id='word_1_149' title='bbox 949 2273 1084 2334; x_wconf 88' lang='lat' dir='ltr'>seorsim</span> <span class='ocrx_word' id='word_1_150' title='bbox 1106 2293 1126 2335; x_wconf 89' lang='lat' dir='ltr'>a</span> <span class='ocrx_word' id='word_1_151' title='bbox 1148 2273 1243 2334; x_wconf 89' lang='lat' dir='ltr'>turba</span> <span class='ocrx_word' id='word_1_152' title='bbox 1273 2272 1393 2334; x_wconf 90' lang='lat' dir='ltr'>audias.</span> <span class='ocrx_word' id='word_1_153' title='bbox 1424 2271 1620 2353; x_wconf 84' lang='lat' dir='ltr'>Quanquam</span> 
     </span>
     <span class='ocr_line' id='line_1_17' title="bbox 167 2376 1618 2458; baseline 0.001 -22"><span class='ocrx_word' id='word_1_154' title='bbox 167 2386 281 2450; x_wconf 75' lang='lat' dir='ltr'>autern,</span> <span class='ocrx_word' id='word_1_155' title='bbox 313 2395 395 2456; x_wconf 88' lang='lat' dir='ltr'>quae</span> <span class='ocrx_word' id='word_1_156' title='bbox 425 2387 482 2437; x_wconf 89' lang='lat' dir='ltr'>tua</span> <span class='ocrx_word' id='word_1_157' title='bbox 513 2387 687 2456; x_wconf 89' lang='lat' dir='ltr'>nostraque</span> <span class='ocrx_word' id='word_1_158' title='bbox 718 2376 864 2439; x_wconf 91' lang='lat' dir='ltr'>condicio</span> <span class='ocrx_word' id='word_1_159' title='bbox 887 2387 943 2450; x_wconf 89' lang='lat' dir='ltr'>est,</span> <span class='ocrx_word' id='word_1_160' title='bbox 967 2379 1020 2437; x_wconf 89' lang='lat' dir='ltr'>vix</span> <span class='ocrx_word' id='word_1_161' title='bbox 1052 2376 1118 2438; x_wconf 86' lang='lat' dir='ltr'>fieri</span> <span class='ocrx_word' id='word_1_162' title='bbox 1140 2387 1257 2457; x_wconf 90' lang='lat' dir='ltr'>potest,</span> <span class='ocrx_word' id='word_1_163' title='bbox 1280 2387 1315 2438; x_wconf 90' lang='lat' dir='ltr'>ut</span> <span class='ocrx_word' id='word_1_164' title='bbox 1337 2377 1394 2439; x_wconf 91' lang='lat' dir='ltr'>tibi</span> <span class='ocrx_word' id='word_1_165' title='bbox 1415 2378 1550 2458; x_wconf 82' lang='lat' dir='ltr'>gratiam</span> <span class='ocrx_word' id='word_1_166' title='bbox 1572 2396 1618 2438; x_wconf 90' lang='lat' dir='ltr'>re·</span> 
     </span>
     <span class='ocr_line' id='line_1_18' title="bbox 167 2479 1620 2561; baseline 0 -21"><span class='ocrx_word' id='word_1_167' title='bbox 167 2481 244 2541; x_wconf 67' lang='lat' dir='ltr'>serre</span> <span class='ocrx_word' id='word_1_168' title='bbox 268 2483 437 2559; x_wconf 73' lang='lat' dir='ltr'>possimus</span> <span class='ocrx_word' id='word_1_169' title='bbox 463 2482 489 2543; x_wconf 92' lang='lat' dir='ltr'>si</span> <span class='ocrx_word' id='word_1_170' title='bbox 513 2491 621 2542; x_wconf 88' lang='lat' dir='ltr'>tamen</span> <span class='ocrx_word' id='word_1_171' title='bbox 644 2481 796 2559; x_wconf 89' lang='lat' dir='ltr'>precibus</span> <span class='ocrx_word' id='word_1_172' title='bbox 818 2483 935 2543; x_wconf 92' lang='lat' dir='ltr'>nostris</span> <span class='ocrx_word' id='word_1_173' title='bbox 958 2480 1044 2561; x_wconf 88' lang='lat' dir='ltr'>apud</span> <span class='ocrx_word' id='word_1_174' title='bbox 1068 2492 1100 2542; x_wconf 90' lang='lat' dir='ltr'>te</span> <span class='ocrx_word' id='word_1_175' title='bbox 1122 2480 1213 2542; x_wconf 90' lang='lat' dir='ltr'>locus</span> <span class='ocrx_word' id='word_1_176' title='bbox 1236 2483 1301 2555; x_wconf 89' lang='lat' dir='ltr'>erit,</span> <span class='ocrx_word' id='word_1_177' title='bbox 1323 2481 1557 2560; x_wconf 84' lang='lat' dir='ltr'>praestabimus</span> <span class='ocrx_word' id='word_1_178' title='bbox 1579 2479 1620 2552; x_wconf 91' lang='lat' dir='ltr'>id,</span> 
     </span>
     <span class='ocr_line' id='line_1_19' title="bbox 167 2583 1620 2666; baseline 0.001 -21"><span class='ocrx_word' id='word_1_179' title='bbox 167 2584 252 2664; x_wconf 79' lang='lat' dir='ltr'>quod</span> <span class='ocrx_word' id='word_1_180' title='bbox 276 2586 462 2663; x_wconf 74' lang='lat' dir='ltr'>poterimus</span> <span class='ocrx_word' id='word_1_181' title='bbox 485 2597 516 2647; x_wconf 93' lang='lat' dir='ltr'>et</span> <span class='ocrx_word' id='word_1_182' title='bbox 540 2584 621 2645; x_wconf 90' lang='lat' dir='ltr'>ultra</span> <span class='ocrx_word' id='word_1_183' title='bbox 644 2584 684 2659; x_wconf 86' lang='lat' dir='ltr'>id,</span> <span class='ocrx_word' id='word_1_184' title='bbox 708 2583 797 2666; x_wconf 91' lang='lat' dir='ltr'>quod</span> <span class='ocrx_word' id='word_1_185' title='bbox 821 2586 876 2646; x_wconf 90' lang='lat' dir='ltr'>tibi</span> <span class='ocrx_word' id='word_1_186' title='bbox 899 2587 1007 2646; x_wconf 89' lang='lat' dir='ltr'>omnia</span> <span class='ocrx_word' id='word_1_187' title='bbox 1030 2585 1230 2660; x_wconf 90' lang='lat' dir='ltr'>debebimus,</span> <span class='ocrx_word' id='word_1_188' title='bbox 1254 2597 1285 2647; x_wconf 87' lang='lat' dir='ltr'>et</span> <span class='ocrx_word' id='word_1_189' title='bbox 1308 2605 1363 2646; x_wconf 90' lang='lat' dir='ltr'>ore</span> <span class='ocrx_word' id='word_1_190' title='bbox 1380 2604 1543 2665; x_wconf 89' lang='lat' dir='ltr'>opereque</span> <span class='ocrx_word' id='word_1_191' title='bbox 1559 2604 1620 2647; x_wconf 90' lang='lat' dir='ltr'>nos</span> 
     </span>
     <span class='ocr_line' id='line_1_20' title="bbox 167 2688 1619 2770; baseline 0.001 -22"><span class='ocrx_word' id='word_1_192' title='bbox 167 2698 271 2770; x_wconf 73' lang='lat' dir='ltr'>gratos</span> <span class='ocrx_word' id='word_1_193' title='bbox 294 2708 364 2750; x_wconf 90' lang='lat' dir='ltr'>esse</span> <span class='ocrx_word' id='word_1_194' title='bbox 388 2689 582 2760; x_wconf 79' lang='lat' dir='ltr'>testabimur,</span> <span class='ocrx_word' id='word_1_195' title='bbox 611 2700 643 2751; x_wconf 90' lang='lat' dir='ltr'>et</span> <span class='ocrx_word' id='word_1_196' title='bbox 666 2690 722 2752; x_wconf 92' lang='lat' dir='ltr'>tibi</span> <span class='ocrx_word' id='word_1_197' title='bbox 745 2691 872 2770; x_wconf 89' lang='lat' dir='ltr'>tuisque</span> <span class='ocrx_word' id='word_1_198' title='bbox 901 2699 1060 2769; x_wconf 92' lang='lat' dir='ltr'>perpetuo</span> <span class='ocrx_word' id='word_1_199' title='bbox 1084 2688 1308 2752; x_wconf 89' lang='lat' dir='ltr'>confitebimur</span> <span class='ocrx_word' id='word_1_200' title='bbox 1330 2691 1499 2752; x_wconf 85' lang='lat' dir='ltr'>obnoxios.</span> <span class='ocrx_word' id='word_1_201' title='bbox 1529 2688 1619 2762; x_wconf 86' lang='lat' dir='ltr'>Vale,</span> 
     </span>
     <span class='ocr_line' id='line_1_21' title="bbox 167 2791 1619 2875; baseline 0.001 -23"><span class='ocrx_word' id='word_1_202' title='bbox 167 2791 347 2874; x_wconf 80' lang='lat' dir='ltr'>dignissimo</span> <span class='ocrx_word' id='word_1_203' title='bbox 377 2802 476 2872; x_wconf 91' lang='lat' dir='ltr'>pater,</span> <span class='ocrx_word' id='word_1_204' title='bbox 509 2804 541 2856; x_wconf 90' lang='lat' dir='ltr'>et</span> <span class='ocrx_word' id='word_1_205' title='bbox 572 2793 770 2855; x_wconf 87' lang='lat' dir='ltr'>Bohuslaum</span> <span class='ocrx_word' id='word_1_206' title='bbox 804 2795 850 2855; x_wconf 90' lang='lat' dir='ltr'>tui</span> <span class='ocrx_word' id='word_1_207' title='bbox 880 2803 1076 2875; x_wconf 89' lang='lat' dir='ltr'>tuorumque</span> <span class='ocrx_word' id='word_1_208' title='bbox 1106 2794 1236 2856; x_wconf 81' lang='lat' dir='ltr'>fratrum</span> <span class='ocrx_word' id='word_1_209' title='bbox 1267 2795 1521 2856; x_wconf 89' lang='lat' dir='ltr'>amantissimum</span> <span class='ocrx_word' id='word_1_210' title='bbox 1551 2795 1619 2874; x_wconf 89' lang='lat' dir='ltr'>ipse</span> 
     </span>
     <span class='ocr_line' id='line_1_22' title="bbox 167 2895 959 2978; baseline 0.005 -22"><span class='ocrx_word' id='word_1_211' title='bbox 167 2914 294 2976; x_wconf 87' lang='lat' dir='ltr'>quoque</span> <span class='ocrx_word' id='word_1_212' title='bbox 318 2915 400 2956; x_wconf 86' lang='lat' dir='ltr'>ama.</span> <span class='ocrx_word' id='word_1_213' title='bbox 424 2895 475 2957; x_wconf 87' lang='lat' dir='ltr'>Ex</span> <span class='ocrx_word' id='word_1_214' title='bbox 499 2896 722 2977; x_wconf 88' lang='lat' dir='ltr'>Hassensteyn</span> <span class='ocrx_word' id='word_1_215' title='bbox 746 2896 857 2958; x_wconf 88' lang='lat' dir='ltr'>ultima</span> <span class='ocrx_word' id='word_1_216' title='bbox 877 2895 959 2978; x_wconf 89' lang='lat' dir='ltr'>Julii.</span> 
     </span>
    </p>
   </div>
   <div class='ocr_carea' id='block_1_5' title="bbox 167 3083 1617 3503">
    <p class='ocr_par' dir='ltr' id='par_1_5' title="bbox 167 3083 1617 3503">
     <span class='ocr_line' id='line_1_23' title="bbox 250 3083 1616 3155; baseline 0.001 -19"><span class='ocrx_word' id='word_1_217' title='bbox 250 3083 354 3151; x_wconf 67' lang='lat' dir='ltr'>Slavn)i</span> <span class='ocrx_word' id='word_1_218' title='bbox 377 3084 512 3152; x_wconf 83' lang='lat' dir='ltr'>diplomat</span> <span class='ocrx_word' id='word_1_219' title='bbox 535 3085 622 3138; x_wconf 73' lang='lat' dir='ltr'>sveho</span> <span class='ocrx_word' id='word_1_220' title='bbox 646 3084 718 3137; x_wconf 71' lang='lat' dir='ltr'>velru</span> <span class='ocrx_word' id='word_1_221' title='bbox 741 3085 792 3154; x_wconf 87' lang='lat' dir='ltr'>Jan</span> <span class='ocrx_word' id='word_1_222' title='bbox 812 3084 916 3153; x_wconf 88' lang='lat' dir='ltr'>Filipec</span> <span class='ocrx_word' id='word_1_223' title='bbox 941 3084 1144 3153; x_wconf 78' lang='lat' dir='ltr'>zProstejova,</span> <span class='ocrx_word' id='word_1_224' title='bbox 1167 3084 1257 3138; x_wconf 74' lang='lat' dir='ltr'>adkoli</span> <span class='ocrx_word' id='word_1_225' title='bbox 1278 3083 1316 3153; x_wconf 75' lang='lat' dir='ltr'>jil</span> <span class='ocrx_word' id='word_1_226' title='bbox 1340 3102 1361 3139; x_wconf 87' lang='lat' dir='ltr'>r.</span> <span class='ocrx_word' id='word_1_227' title='bbox 1381 3083 1449 3137; x_wconf 78' lang='grc'><strong>1492</strong></span> <span class='ocrx_word' id='word_1_228' title='bbox 1472 3084 1616 3155; x_wconf 66' lang='lat' dir='ltr'>vysokych</span> 
     </span>
     <span class='ocr_line' id='line_1_24' title="bbox 167 3169 1617 3241; baseline 0.001 -19"><span class='ocrx_word' id='word_1_229' title='bbox 167 3169 294 3222; x_wconf 83' lang='lat' dir='ltr'>bodnosti</span> <span class='ocrx_word' id='word_1_230' title='bbox 321 3186 351 3222; x_wconf 87' lang='lat' dir='ltr'>se</span> <span class='ocrx_word' id='word_1_231' title='bbox 375 3169 463 3223; x_wconf 88' lang='lat' dir='ltr'>vzdav</span> <span class='ocrx_word' id='word_1_232' title='bbox 482 3187 499 3221; x_wconf 90' lang='lat' dir='ltr'>v</span> <span class='ocrx_word' id='word_1_233' title='bbox 517 3171 598 3225; x_wconf 73' lang='lat' dir='ltr'>ztritt</span> <span class='ocrx_word' id='word_1_234' title='bbox 622 3172 716 3225; x_wconf 84' lang='lat' dir='ltr'>lehole</span> <span class='ocrx_word' id='word_1_235' title='bbox 740 3171 942 3225; x_wconf 68' lang='lat' dir='ltr'>frantislmnslre</span> <span class='ocrx_word' id='word_1_236' title='bbox 961 3172 997 3225; x_wconf 93' lang='lat' dir='ltr'>do</span> <span class='ocrx_word' id='word_1_237' title='bbox 1016 3172 1171 3226; x_wconf 71' lang='lat' dir='ltr'>Vratislave</span> <span class='ocrx_word' id='word_1_238' title='bbox 1196 3190 1226 3225; x_wconf 90' lang='lat' dir='ltr'>se</span> <span class='ocrx_word' id='word_1_239' title='bbox 1251 3171 1297 3241; x_wconf 90' lang='lat' dir='ltr'>byl</span> <span class='ocrx_word' id='word_1_240' title='bbox 1318 3171 1430 3240; x_wconf 68' lang='lat' dir='ltr'>uchylil,</span> <span class='ocrx_word' id='word_1_241' title='bbox 1449 3172 1533 3225; x_wconf 87' lang='lat' dir='ltr'>mlval</span> <span class='ocrx_word' id='word_1_242' title='bbox 1552 3175 1617 3240; x_wconf 83' lang='lat' dir='ltr'>piec</span> 
     </span>
     <span class='ocr_line' id='line_1_25' title="bbox 167 3256 1616 3329; baseline 0.002 -21"><span class='ocrx_word' id='word_1_243' title='bbox 167 3259 171 3308; x_wconf 87' lang='lat' dir='ltr'>i</span> <span class='ocrx_word' id='word_1_244' title='bbox 190 3263 286 3325; x_wconf 90' lang='lat' dir='ltr'>potom</span> <span class='ocrx_word' id='word_1_245' title='bbox 303 3256 373 3324; x_wconf 70' lang='lat' dir='ltr'>jeste</span> <span class='ocrx_word' id='word_1_246' title='bbox 392 3257 473 3325; x_wconf 68' lang='lat' dir='ltr'>velky</span> <span class='ocrx_word' id='word_1_247' title='bbox 486 3258 569 3327; x_wconf 87' lang='lat' dir='ltr'>vplyv</span> <span class='ocrx_word' id='word_1_248' title='bbox 587 3275 605 3309; x_wconf 88' lang='lat' dir='ltr'><strong>v</strong></span> <span class='ocrx_word' id='word_1_249' title='bbox 617 3258 682 3311; x_wconf 71' lang='lat' dir='ltr'>rade</span> <span class='ocrx_word' id='word_1_250' title='bbox 702 3259 776 3312; x_wconf 70' lang='lat' dir='ltr'>krale</span> <span class='ocrx_word' id='word_1_251' title='bbox 790 3259 957 3312; x_wconf 86' lang='lat' dir='ltr'>Vladislava.</span> <span class='ocrx_word' id='word_1_252' title='bbox 976 3260 1001 3312; x_wconf 88' lang='lat' dir='ltr'>K</span> <span class='ocrx_word' id='word_1_253' title='bbox 1014 3263 1099 3313; x_wconf 61' lang='lat' dir='ltr'>nEmu</span> <span class='ocrx_word' id='word_1_254' title='bbox 1116 3260 1183 3329; x_wconf 87' lang='lat' dir='ltr'>tedy</span> <span class='ocrx_word' id='word_1_255' title='bbox 1202 3259 1313 3312; x_wconf 80' lang='lat' dir='ltr'>obracel</span> <span class='ocrx_word' id='word_1_256' title='bbox 1332 3276 1363 3312; x_wconf 84' lang='lat' dir='ltr'>se</span> <span class='ocrx_word' id='word_1_257' title='bbox 1376 3259 1517 3312; x_wconf 84' lang='lat' dir='ltr'>Bohuslav</span> <span class='ocrx_word' id='word_1_258' title='bbox 1535 3275 1552 3311; x_wconf 94' lang='lat' dir='ltr'>o</span> <span class='ocrx_word' id='word_1_259' title='bbox 1571 3275 1616 3327; x_wconf 92' lang='lat' dir='ltr'>po·</span> 
     </span>
     <span class='ocr_line' id='line_1_26' title="bbox 167 3342 1616 3415; baseline 0.001 -19"><span class='ocrx_word' id='word_1_260' title='bbox 167 3360 226 3397; x_wconf 91' lang='lat' dir='ltr'>rnoc</span> <span class='ocrx_word' id='word_1_261' title='bbox 245 3362 264 3395; x_wconf 90' lang='lat' dir='ltr'>v</span> <span class='ocrx_word' id='word_1_262' title='bbox 282 3343 444 3407; x_wconf 73' lang='lat' dir='ltr'>raleiitosti,</span> <span class='ocrx_word' id='word_1_263' title='bbox 459 3342 504 3412; x_wconf 71' lang='lat' dir='ltr'>jez</span> <span class='ocrx_word' id='word_1_264' title='bbox 523 3344 624 3413; x_wconf 89' lang='lat' dir='ltr'>nebyla</span> <span class='ocrx_word' id='word_1_265' title='bbox 642 3345 738 3412; x_wconf 74' lang='lat' dir='ltr'>zajiste</span> <span class='ocrx_word' id='word_1_266' title='bbox 764 3345 854 3399; x_wconf 75' lang='lat' dir='ltr'>iadna</span> <span class='ocrx_word' id='word_1_267' title='bbox 872 3345 938 3414; x_wconf 75' lang='lat' dir='ltr'>jina,</span> <span class='ocrx_word' id='word_1_268' title='bbox 958 3345 1010 3400; x_wconf 74' lang='lat' dir='ltr'>nel</span> <span class='ocrx_word' id='word_1_269' title='bbox 1030 3347 1127 3400; x_wconf 89' lang='lat' dir='ltr'>kterou</span> <span class='ocrx_word' id='word_1_270' title='bbox 1149 3346 1221 3415; x_wconf 87' lang='lat' dir='ltr'>jsme</span> <span class='ocrx_word' id='word_1_271' title='bbox 1240 3364 1257 3398; x_wconf 91' lang='lat' dir='ltr'>v</span> <span class='ocrx_word' id='word_1_272' title='bbox 1274 3345 1428 3414; x_wconf 75' lang='lat' dir='ltr'>poznamce</span> <span class='ocrx_word' id='word_1_273' title='bbox 1447 3346 1462 3398; x_wconf 85' lang='lat' dir='ltr'>lr</span> <span class='ocrx_word' id='word_1_274' title='bbox 1482 3344 1545 3398; x_wconf 82' lang='lat' dir='ltr'>listu</span> <span class='ocrx_word' id='word_1_275' title='bbox 1567 3346 1616 3396; x_wconf 82' lang='lat'>141</span> 
     </span>
     <span class='ocr_line' id='line_1_27' title="bbox 167 3429 1617 3503; baseline 0.001 -19"><span class='ocrx_word' id='word_1_276' title='bbox 167 3430 258 3485; x_wconf 76' lang='lat' dir='ltr'>kratce</span> <span class='ocrx_word' id='word_1_277' title='bbox 277 3429 423 3485; x_wconf 74' lang='lat' dir='ltr'>naznacili.</span> <span class='ocrx_word' id='word_1_278' title='bbox 443 3432 536 3486; x_wconf 92' lang='lat' dir='ltr'>Odtud</span> <span class='ocrx_word' id='word_1_279' title='bbox 551 3431 633 3500; x_wconf 76' lang='lat' dir='ltr'>jalroi</span> <span class='ocrx_word' id='word_1_280' title='bbox 651 3448 667 3485; x_wconf 88' lang='lat' dir='ltr'>z</span> <span class='ocrx_word' id='word_1_281' title='bbox 682 3433 867 3502; x_wconf 81' lang='lat' dir='ltr'>piipomenutf</span> <span class='ocrx_word' id='word_1_282' title='bbox 886 3432 1030 3487; x_wconf 73' lang='lat' dir='ltr'>Frantiska</span> <span class='ocrx_word' id='word_1_283' title='bbox 1048 3433 1267 3503; x_wconf 79' lang='lat' dir='ltr'>prostlednlkem</span> <span class='ocrx_word' id='word_1_284' title='bbox 1280 3432 1399 3502; x_wconf 64' lang='lat' dir='ltr'>vyplpva</span> <span class='ocrx_word' id='word_1_285' title='bbox 1414 3433 1527 3486; x_wconf 73' lang='lat' dir='ltr'>vrofenl</span> <span class='ocrx_word' id='word_1_286' title='bbox 1545 3432 1617 3486; x_wconf 83' lang='lat' dir='ltr'>listu.</span> 
     </span>
    </p>
   </div>
   <div class='ocr_carea' id='block_1_6' title="bbox 396 3734 1301 3947">
    <p class='ocr_par' dir='ltr' id='par_1_6' title="bbox 396 3734 1301 3947">
     <span class='ocr_line' id='line_1_28' title="bbox 855 3734 925 3799; baseline -0.014 -1"><span class='ocrx_word' id='word_1_287' title='bbox 855 3734 925 3799; x_wconf 84' lang='grc'><strong>144.</strong></span> 
     </span>
     <span class='ocr_line' id='line_1_29' title="bbox 396 3870 1301 3947; baseline 0 -2"><span class='ocrx_word' id='word_1_288' title='bbox 396 3926 399 3933; x_wconf 77' lang='grc'><strong>.</strong></span> <span class='ocrx_word' id='word_1_289' title='bbox 481 3871 701 3946; x_wconf 88' lang='lat' dir='ltr'>Bernhard</span> <span class='ocrx_word' id='word_1_290' title='bbox 729 3871 969 3947; x_wconf 89' lang='lat' dir='ltr'>Adelmann</span> <span class='ocrx_word' id='word_1_291' title='bbox 997 3870 1301 3946; x_wconf 88' lang='lat' dir='ltr'>Bohuslavovi.</span> 
     </span>
    </p>
   </div>
   <div class='ocr_carea' id='block_1_7' title="bbox 167 4040 1614 4460">
    <p class='ocr_par' dir='ltr' id='par_1_7' title="bbox 167 4040 1614 4460">
     <span class='ocr_line' id='line_1_30' title="bbox 249 4040 1611 4114; baseline -0.003 -16"><span class='ocrx_word' id='word_1_292' title='bbox 249 4042 271 4098; x_wconf 86' lang='grc' dir='ltr'><strong><em>Ζ</em></strong></span> <span class='ocrx_word' id='word_1_293' title='bbox 289 4041 445 4114; x_wconf 62' lang='grc'><strong>1198111111</strong></span> <span class='ocrx_word' id='word_1_294' title='bbox 465 4044 531 4101; x_wconf 79' lang='grc'><strong>1507</strong></span> <span class='ocrx_word' id='word_1_295' title='bbox 549 4075 582 4084; x_wconf 90' lang='grc'>-</span> <span class='ocrx_word' id='word_1_296' title='bbox 600 4044 627 4100; x_wconf 81' lang='grc'>3.</span> <span class='ocrx_word' id='word_1_297' title='bbox 646 4044 713 4102; x_wconf 69' lang='lat' dir='ltr'>adil.</span> <span class='ocrx_word' id='word_1_298' title='bbox 734 4044 826 4099; x_wconf 80' lang='lat' dir='ltr'>Posllft</span> <span class='ocrx_word' id='word_1_299' title='bbox 844 4045 916 4098; x_wconf 73' lang='lat' dir='ltr'>nove</span> <span class='ocrx_word' id='word_1_300' title='bbox 935 4044 1021 4113; x_wconf 87' lang='lat' dir='ltr'>lrnihy</span> <span class='ocrx_word' id='word_1_301' title='bbox 1039 4045 1152 4098; x_wconf 71' lang='lat' dir='ltr'>nektere</span> <span class='ocrx_word' id='word_1_302' title='bbox 1170 4062 1187 4097; x_wconf 84' lang='lat' dir='ltr'>a</span> <span class='ocrx_word' id='word_1_303' title='bbox 1205 4042 1274 4097; x_wconf 73' lang='lat' dir='ltr'>iada</span> <span class='ocrx_word' id='word_1_304' title='bbox 1292 4060 1325 4098; x_wconf 85' lang='lat' dir='ltr'>za</span> <span class='ocrx_word' id='word_1_305' title='bbox 1342 4043 1444 4113; x_wconf 89' lang='lat' dir='ltr'>pokyn,</span> <span class='ocrx_word' id='word_1_306' title='bbox 1460 4041 1507 4111; x_wconf 84' lang='lat' dir='ltr'>jalr</span> <span class='ocrx_word' id='word_1_307' title='bbox 1525 4040 1563 4110; x_wconf 90' lang='lat' dir='ltr'>by</span> <span class='ocrx_word' id='word_1_308' title='bbox 1581 4059 1611 4094; x_wconf 88' lang='lat' dir='ltr'>se</span> 
     </span>
     <span class='ocr_line' id='line_1_31' title="bbox 167 4129 1614 4201; baseline -0.001 -19"><span class='ocrx_word' id='word_1_309' title='bbox 167 4129 218 4183; x_wconf 72' lang='lat' dir='ltr'>mel</span> <span class='ocrx_word' id='word_1_310' title='bbox 235 4130 418 4184; x_wconf 74' lang='lat' dir='ltr'>zachovaati</span> <span class='ocrx_word' id='word_1_311' title='bbox 442 4131 483 4200; x_wconf 80' lang='lat' dir='ltr'>pii</span> <span class='ocrx_word' id='word_1_312' title='bbox 506 4131 645 4201; x_wconf 71' lang='lat' dir='ltr'>kupovfnl</span> <span class='ocrx_word' id='word_1_313' title='bbox 670 4131 736 4186; x_wconf 90' lang='lat' dir='ltr'>lmih</span> <span class='ocrx_word' id='word_1_314' title='bbox 761 4132 830 4196; x_wconf 72' lang='lat' dir='ltr'>dale,</span> <span class='ocrx_word' id='word_1_315' title='bbox 849 4149 885 4185; x_wconf 86' lang='lat' dir='ltr'>an</span> <span class='ocrx_word' id='word_1_316' title='bbox 904 4132 992 4186; x_wconf 64' lang='lat' dir='ltr'>veliki</span> <span class='ocrx_word' id='word_1_317' title='bbox 1018 4131 1156 4185; x_wconf 76' lang='lat' dir='ltr'>mnolstvf</span> <span class='ocrx_word' id='word_1_318' title='bbox 1178 4130 1235 4200; x_wconf 87' lang='lat' dir='ltr'>jich</span> <span class='ocrx_word' id='word_1_319' title='bbox 1261 4149 1294 4186; x_wconf 86' lang='lat' dir='ltr'>za</span> <span class='ocrx_word' id='word_1_320' title='bbox 1311 4131 1346 4184; x_wconf 68' lang='lat'>25</span> <span class='ocrx_word' id='word_1_321' title='bbox 1364 4132 1402 4185; x_wconf 89' lang='lat' dir='ltr'>let</span> <span class='ocrx_word' id='word_1_322' title='bbox 1427 4129 1614 4184; x_wconf 74' lang='lat' dir='ltr'>bohuslavovi</span> 
     </span>
     <span class='ocr_line' id='line_1_32' title="bbox 167 4215 1613 4288; baseline 0.002 -20"><span class='ocrx_word' id='word_1_323' title='bbox 167 4215 199 4282; x_wconf 76' lang='lat' dir='ltr'>iil</span> <span class='ocrx_word' id='word_1_324' title='bbox 217 4216 264 4286; x_wconf 94' lang='lat' dir='ltr'>byl</span> <span class='ocrx_word' id='word_1_325' title='bbox 282 4218 377 4286; x_wconf 84' lang='lat' dir='ltr'>poslal‚</span> <span class='ocrx_word' id='word_1_326' title='bbox 396 4235 413 4271; x_wconf 87' lang='lat' dir='ltr'>a</span> <span class='ocrx_word' id='word_1_327' title='bbox 431 4218 576 4287; x_wconf 75' lang='lat' dir='ltr'>ponevadi</span> <span class='ocrx_word' id='word_1_328' title='bbox 600 4219 669 4272; x_wconf 67' lang='lat' dir='ltr'>stile</span> <span class='ocrx_word' id='word_1_329' title='bbox 693 4219 765 4273; x_wconf 74' lang='lat' dir='ltr'>nove</span> <span class='ocrx_word' id='word_1_330' title='bbox 783 4217 937 4288; x_wconf 78' lang='lat' dir='ltr'>vychftzejf.</span> <span class='ocrx_word' id='word_1_331' title='bbox 967 4218 1054 4282; x_wconf 81' lang='lat' dir='ltr'>Prosl‚</span> <span class='ocrx_word' id='word_1_332' title='bbox 1074 4219 1128 4288; x_wconf 85' lang='lat' dir='ltr'>aby</span> <span class='ocrx_word' id='word_1_333' title='bbox 1147 4219 1289 4272; x_wconf 86' lang='lat' dir='ltr'>Bohuslav</span> <span class='ocrx_word' id='word_1_334' title='bbox 1308 4216 1412 4288; x_wconf 85' lang='lat' dir='ltr'>opravil</span> <span class='ocrx_word' id='word_1_335' title='bbox 1438 4218 1521 4286; x_wconf 70' lang='lat' dir='ltr'>prave</span> <span class='ocrx_word' id='word_1_336' title='bbox 1539 4218 1613 4288; x_wconf 87' lang='lat' dir='ltr'>vyda</span> 
     </span>
     <span class='ocr_line' id='line_1_33' title="bbox 167 4303 1611 4375; baseline 0.001 -19"><span class='ocrx_word' id='word_1_337' title='bbox 167 4304 238 4357; x_wconf 72' lang='lat' dir='ltr'>neho</span> <span class='ocrx_word' id='word_1_338' title='bbox 263 4304 406 4372; x_wconf 85' lang='lat' dir='ltr'>Ligurina.</span> <span class='ocrx_word' id='word_1_339' title='bbox 437 4305 598 4375; x_wconf 88' lang='lat' dir='ltr'>Pochybuje</span> <span class='ocrx_word' id='word_1_340' title='bbox 623 4324 639 4359; x_wconf 94' lang='lat' dir='ltr'>o</span> <span class='ocrx_word' id='word_1_341' title='bbox 663 4307 747 4360; x_wconf 87' lang='lat' dir='ltr'>zdaru</span> <span class='ocrx_word' id='word_1_342' title='bbox 772 4306 843 4359; x_wconf 67' lang='lat' dir='ltr'>nove</span> <span class='ocrx_word' id='word_1_343' title='bbox 868 4307 991 4375; x_wconf 68' lang='lat' dir='ltr'>vypravy</span> <span class='ocrx_word' id='word_1_344' title='bbox 1015 4306 1150 4359; x_wconf 61' lang='lat' dir='ltr'>odmecke</span> <span class='ocrx_word' id='word_1_345' title='bbox 1175 4307 1210 4358; x_wconf 93' lang='lat' dir='ltr'>do</span> <span class='ocrx_word' id='word_1_346' title='bbox 1232 4305 1318 4359; x_wconf 82' lang='lat' dir='ltr'>Italic.</span> <span class='ocrx_word' id='word_1_347' title='bbox 1350 4305 1441 4372; x_wconf 87' lang='lat' dir='ltr'>(Nova</span> <span class='ocrx_word' id='word_1_348' title='bbox 1460 4303 1539 4373; x_wconf 90' lang='lat' dir='ltr'>epist.</span> <span class='ocrx_word' id='word_1_349' title='bbox 1557 4321 1611 4373; x_wconf 87' lang='lat' dir='ltr'>app</span> 
     </span>
     <span class='ocr_line' id='line_1_34' title="bbox 167 4392 381 4460; baseline 0.019 -17"><span class='ocrx_word' id='word_1_350' title='bbox 167 4409 182 4443; x_wconf 85' lang='lat' dir='ltr'>v</span> <span class='ocrx_word' id='word_1_351' title='bbox 200 4392 381 4460; x_wconf 69' lang='lat' dir='ltr'>pledmluve.)</span> 
     </span>
    </p>
   </div>
   <div class='ocr_carea' id='block_1_8' title="bbox 167 4567 1618 5382">
    <p class='ocr_par' dir='ltr' id='par_1_8' title="bbox 167 4567 1618 5382">
     <span class='ocr_line' id='line_1_35' title="bbox 249 4567 1617 4648; baseline -0.001 -19"><span class='ocrx_word' id='word_1_352' title='bbox 249 4567 455 4630; x_wconf 90' lang='lat' dir='ltr'>Bernhardus</span> <span class='ocrx_word' id='word_1_353' title='bbox 487 4567 710 4631; x_wconf 84' lang='lat' dir='ltr'>Adelmannus</span> <span class='ocrx_word' id='word_1_354' title='bbox 743 4568 783 4630; x_wconf 91' lang='lat' dir='ltr'>D.</span> <span class='ocrx_word' id='word_1_355' title='bbox 819 4568 981 4631; x_wconf 86' lang='lat' dir='ltr'>Bohuslao</span> <span class='ocrx_word' id='word_1_356' title='bbox 1014 4569 1199 4632; x_wconf 88' lang='lat' dir='ltr'>Hasistenio</span> <span class='ocrx_word' id='word_1_357' title='bbox 1232 4590 1255 4632; x_wconf 88' lang='lat' dir='ltr'>s.</span> <span class='ocrx_word' id='word_1_358' title='bbox 1289 4569 1319 4632; x_wconf 94' lang='lat' dir='ltr'>d.</span> <span class='ocrx_word' id='word_1_359' title='bbox 1354 4569 1530 4648; x_wconf 89' lang='lat' dir='ltr'>Postquam</span> <span class='ocrx_word' id='word_1_360' title='bbox 1561 4567 1617 4629; x_wconf 94' lang='lat' dir='ltr'>tibi</span> 
     </span>
     <span class='ocr_line' id='line_1_36' title="bbox 167 4672 1617 4754; baseline 0 -22"><span class='ocrx_word' id='word_1_361' title='bbox 167 4690 266 4751; x_wconf 89' lang='lat' dir='ltr'>nuper</span> <span class='ocrx_word' id='word_1_362' title='bbox 287 4675 475 4751; x_wconf 88' lang='lat' dir='ltr'>scripseram</span> <span class='ocrx_word' id='word_1_363' title='bbox 498 4684 596 4752; x_wconf 88' lang='lat' dir='ltr'>atque</span> <span class='ocrx_word' id='word_1_364' title='bbox 619 4672 779 4753; x_wconf 91' lang='lat' dir='ltr'>quosdam</span> <span class='ocrx_word' id='word_1_365' title='bbox 802 4674 901 4736; x_wconf 90' lang='lat' dir='ltr'>libros</span> <span class='ocrx_word' id='word_1_366' title='bbox 924 4675 1081 4749; x_wconf 89' lang='lat' dir='ltr'>miseram,</span> <span class='ocrx_word' id='word_1_367' title='bbox 1108 4676 1128 4735; x_wconf 92' lang='lat' dir='ltr'>ii</span> <span class='ocrx_word' id='word_1_368' title='bbox 1150 4693 1371 4754; x_wconf 86' lang='lat' dir='ltr'>supervenere,</span> <span class='ocrx_word' id='word_1_369' title='bbox 1402 4675 1456 4752; x_wconf 90' lang='lat' dir='ltr'>qui</span> <span class='ocrx_word' id='word_1_370' title='bbox 1479 4674 1510 4734; x_wconf 91' lang='lat' dir='ltr'>in</span> <span class='ocrx_word' id='word_1_371' title='bbox 1533 4682 1617 4733; x_wconf 89' lang='lat' dir='ltr'>cata·</span> 
     </span>
     <span class='ocr_line' id='line_1_37' title="bbox 167 4775 1617 4858; baseline -0.002 -21"><span class='ocrx_word' id='word_1_372' title='bbox 167 4777 237 4858; x_wconf 93' lang='lat' dir='ltr'>logo</span> <span class='ocrx_word' id='word_1_373' title='bbox 261 4778 361 4839; x_wconf 88' lang='lat' dir='ltr'>notati</span> <span class='ocrx_word' id='word_1_374' title='bbox 384 4787 466 4838; x_wconf 91' lang='lat' dir='ltr'>sunt.</span> <span class='ocrx_word' id='word_1_375' title='bbox 489 4775 581 4855; x_wconf 84' lang='lat' dir='ltr'>Quos</span> <span class='ocrx_word' id='word_1_376' title='bbox 604 4778 699 4839; x_wconf 88' lang='lat' dir='ltr'>etiam</span> <span class='ocrx_word' id='word_1_377' title='bbox 722 4778 804 4839; x_wconf 90' lang='lat' dir='ltr'>illico</span> <span class='ocrx_word' id='word_1_378' title='bbox 827 4776 869 4839; x_wconf 90' lang='lat' dir='ltr'>ad</span> <span class='ocrx_word' id='word_1_379' title='bbox 884 4790 915 4840; x_wconf 90' lang='lat' dir='ltr'>te</span> <span class='ocrx_word' id='word_1_380' title='bbox 931 4780 1055 4842; x_wconf 69' lang='lat' dir='ltr'>mittere</span> <span class='ocrx_word' id='word_1_381' title='bbox 1070 4778 1163 4853; x_wconf 91' lang='lat' dir='ltr'>volui,</span> <span class='ocrx_word' id='word_1_382' title='bbox 1186 4789 1229 4853; x_wconf 93' lang='lat' dir='ltr'>ut,</span> <span class='ocrx_word' id='word_1_383' title='bbox 1253 4781 1278 4840; x_wconf 92' lang='lat' dir='ltr'>si</span> <span class='ocrx_word' id='word_1_384' title='bbox 1294 4778 1350 4840; x_wconf 91' lang='lat' dir='ltr'>tibi</span> <span class='ocrx_word' id='word_1_385' title='bbox 1371 4779 1402 4838; x_wconf 93' lang='lat' dir='ltr'>in</span> <span class='ocrx_word' id='word_1_386' title='bbox 1425 4796 1459 4836; x_wconf 89' lang='lat' dir='ltr'>re</span> <span class='ocrx_word' id='word_1_387' title='bbox 1475 4776 1617 4847; x_wconf 86' lang='lat' dir='ltr'>literaria,</span> 
     </span>
     <span class='ocr_line' id='line_1_38' title="bbox 167 4878 1617 4965; baseline -0.003 -23"><span class='ocrx_word' id='word_1_388' title='bbox 167 4879 243 4942; x_wconf 90' lang='lat' dir='ltr'>dum</span> <span class='ocrx_word' id='word_1_389' title='bbox 258 4878 466 4943; x_wconf 89' lang='lat' dir='ltr'>Constantiae</span> <span class='ocrx_word' id='word_1_390' title='bbox 488 4880 539 4955; x_wconf 91' lang='lat' dir='ltr'>fui,</span> <span class='ocrx_word' id='word_1_391' title='bbox 563 4881 726 4965; x_wconf 84' lang='lat' dir='ltr'>negligens</span> <span class='ocrx_word' id='word_1_392' title='bbox 741 4883 825 4944; x_wconf 91' lang='lat' dir='ltr'>visus</span> <span class='ocrx_word' id='word_1_393' title='bbox 849 4883 979 4957; x_wconf 88' lang='lat' dir='ltr'>fueram,</span> <span class='ocrx_word' id='word_1_394' title='bbox 1002 4883 1114 4944; x_wconf 90' lang='lat' dir='ltr'>saltem</span> <span class='ocrx_word' id='word_1_395' title='bbox 1131 4901 1203 4943; x_wconf 90' lang='lat' dir='ltr'>cam</span> <span class='ocrx_word' id='word_1_396' title='bbox 1219 4881 1451 4964; x_wconf 88' lang='lat' dir='ltr'>negligentiam,</span> <span class='ocrx_word' id='word_1_397' title='bbox 1474 4881 1617 4960; x_wconf 89' lang='lat' dir='ltr'>siquam</span> 
     </span>
     <span class='ocr_line' id='line_1_39' title="bbox 167 4982 1616 5064; baseline -0.003 -18"><span class='ocrx_word' id='word_1_398' title='bbox 167 4985 318 5058; x_wconf 83' lang='lat' dir='ltr'>commisi,</span> <span class='ocrx_word' id='word_1_399' title='bbox 348 5004 408 5064; x_wconf 94' lang='lat' dir='ltr'>pro</span> <span class='ocrx_word' id='word_1_400' title='bbox 432 5003 506 5046; x_wconf 87' lang='lat' dir='ltr'>mea</span> <span class='ocrx_word' id='word_1_401' title='bbox 527 4985 677 5048; x_wconf 90' lang='lat' dir='ltr'>facultate</span> <span class='ocrx_word' id='word_1_402' title='bbox 703 4988 893 5048; x_wconf 90' lang='lat' dir='ltr'>resarcirem.</span> <span class='ocrx_word' id='word_1_403' title='bbox 933 4985 1063 5048; x_wconf 87' lang='lat' dir='ltr'>Politica</span> <span class='ocrx_word' id='word_1_404' title='bbox 1093 4985 1124 5050; x_wconf 91' lang='lat' dir='ltr'>S.</span> <span class='ocrx_word' id='word_1_405' title='bbox 1154 4984 1303 5047; x_wconf 88' lang='lat' dir='ltr'>Thomae</span> <span class='ocrx_word' id='word_1_406' title='bbox 1332 5005 1370 5046; x_wconf 92' lang='lat' dir='ltr'>ac</span> <span class='ocrx_word' id='word_1_407' title='bbox 1401 4982 1489 5060; x_wconf 90' lang='lat' dir='ltr'>Haly</span> <span class='ocrx_word' id='word_1_408' title='bbox 1510 4991 1616 5043; x_wconf 89' lang='lat' dir='ltr'>utrum</span> 
     </span>
     <span class='ocr_line' id='line_1_40' title="bbox 167 5088 1616 5171; baseline -0.001 -21"><span class='ocrx_word' id='word_1_409' title='bbox 167 5090 252 5167; x_wconf 89' lang='lat' dir='ltr'>prius</span> <span class='ocrx_word' id='word_1_410' title='bbox 279 5088 336 5150; x_wconf 95' lang='lat' dir='ltr'>tibi</span> <span class='ocrx_word' id='word_1_411' title='bbox 366 5090 507 5151; x_wconf 89' lang='lat' dir='ltr'>miserim</span> <span class='ocrx_word' id='word_1_412' title='bbox 537 5107 647 5164; x_wconf 89' lang='lat' dir='ltr'>necne,</span> <span class='ocrx_word' id='word_1_413' title='bbox 679 5091 805 5171; x_wconf 87' lang='lat' dir='ltr'>ignoro;</span> <span class='ocrx_word' id='word_1_414' title='bbox 835 5089 1011 5151; x_wconf 88' lang='lat' dir='ltr'>efferuntur</span> <span class='ocrx_word' id='word_1_415' title='bbox 1040 5092 1136 5151; x_wconf 89' lang='lat' dir='ltr'>etiam</span> <span class='ocrx_word' id='word_1_416' title='bbox 1167 5088 1311 5169; x_wconf 92' lang='lat' dir='ltr'>quotidie</span> <span class='ocrx_word' id='word_1_417' title='bbox 1341 5089 1414 5149; x_wconf 91' lang='lat' dir='ltr'>novi</span> <span class='ocrx_word' id='word_1_418' title='bbox 1445 5088 1616 5164; x_wconf 87' lang='lat' dir='ltr'>scriptores</span> 
     </span>
     <span class='ocr_line' id='line_1_41' title="bbox 167 5189 1618 5273; baseline -0.003 -18"><span class='ocrx_word' id='word_1_419' title='bbox 167 5211 260 5272; x_wconf 89' lang='lat' dir='ltr'>super</span> <span class='ocrx_word' id='word_1_420' title='bbox 282 5191 380 5254; x_wconf 92' lang='lat' dir='ltr'>libros</span> <span class='ocrx_word' id='word_1_421' title='bbox 402 5195 631 5256; x_wconf 87' lang='lat' dir='ltr'>sententiarum</span> <span class='ocrx_word' id='word_1_422' title='bbox 655 5193 799 5273; x_wconf 89' lang='lat' dir='ltr'>aliosque</span> <span class='ocrx_word' id='word_1_423' title='bbox 828 5212 937 5255; x_wconf 89' lang='lat' dir='ltr'>sacros</span> <span class='ocrx_word' id='word_1_424' title='bbox 959 5192 1066 5257; x_wconf 90' lang='lat' dir='ltr'>libros.</span> <span class='ocrx_word' id='word_1_425' title='bbox 1097 5192 1133 5254; x_wconf 93' lang='lat' dir='ltr'>ln</span> <span class='ocrx_word' id='word_1_426' title='bbox 1155 5193 1204 5255; x_wconf 88' lang='lat' dir='ltr'>his</span> <span class='ocrx_word' id='word_1_427' title='bbox 1234 5191 1418 5254; x_wconf 71' lang='lat' dir='ltr'>coemendis</span> <span class='ocrx_word' id='word_1_428' title='bbox 1441 5189 1519 5270; x_wconf 91' lang='lat' dir='ltr'>quid</span> <span class='ocrx_word' id='word_1_429' title='bbox 1542 5190 1618 5252; x_wconf 91' lang='lat' dir='ltr'>mihi</span> 
     </span>
     <span class='ocr_line' id='line_1_42' title="bbox 167 5294 1617 5382; baseline -0.001 -24"><span class='ocrx_word' id='word_1_430' title='bbox 167 5295 326 5382; x_wconf 82' lang='lat' dir='ltr'>agendum</span> <span class='ocrx_word' id='word_1_431' title='bbox 350 5298 398 5378; x_wconf 86' lang='lat' dir='ltr'>sit,</span> <span class='ocrx_word' id='word_1_432' title='bbox 420 5297 516 5381; x_wconf 89' lang='lat' dir='ltr'>cupio</span> <span class='ocrx_word' id='word_1_433' title='bbox 532 5299 647 5363; x_wconf 88' lang='lat' dir='ltr'>certior</span> <span class='ocrx_word' id='word_1_434' title='bbox 661 5295 735 5361; x_wconf 88' lang='lat' dir='ltr'>fieri.</span> <span class='ocrx_word' id='word_1_435' title='bbox 759 5296 848 5362; x_wconf 89' lang='lat' dir='ltr'>Licet</span> <span class='ocrx_word' id='word_1_436' title='bbox 871 5299 956 5362; x_wconf 91' lang='lat' dir='ltr'>enim</span> <span class='ocrx_word' id='word_1_437' title='bbox 972 5299 1081 5360; x_wconf 88' lang='lat' dir='ltr'>omnia</span> <span class='ocrx_word' id='word_1_438' title='bbox 1104 5315 1177 5358; x_wconf 86' lang='lat' dir='ltr'>meo</span> <span class='ocrx_word' id='word_1_439' title='bbox 1200 5295 1316 5360; x_wconf 91' lang='lat' dir='ltr'>iudicio</span> <span class='ocrx_word' id='word_1_440' title='bbox 1335 5294 1617 5375; x_wconf 87' lang='lat' dir='ltr'>commendaveris,</span> 
     </span>
    </p>
   </div>
   <div class='ocr_carea' id='block_1_9' title="bbox 0 0 1834 5850">
    <p class='ocr_par' dir='ltr' id='par_1_9' title="bbox 0 0 1834 5850">
     <span class='ocr_line' id='line_1_43' title="bbox 0 0 1834 5850; baseline 0 0"><span class='ocrx_word' id='word_1_441' title='bbox 0 0 1834 5850; x_wconf 95' lang='lat' dir='ltr'> </span> 
     </span>
    </p>
   </div>
  </div>
 </body>
</html>
