3660 5850
189 351 223 405 52
866 351 957 412 1494„

189 566 345 645 syllabam
372 569 402 628 in
430 567 534 629 »lave«
569 578 680 630 contra
710 570 855 630 omnium
882 577 1050 649 poetarum
1073 571 1263 631 sententiam
1293 568 1451 648 corripuit.
1491 565 1528 627 ld
1551 563 1643 627 vehe

189 684 312 733 menter
340 673 444 745 miror,
475 691 540 752 quo
571 673 682 750 spiritu
704 674 842 752 percitus
863 672 1019 751 impedire
1043 675 1156 753 cupiat,
1180 691 1263 754 quae
1287 692 1352 746 rex,
1380 690 1465 752 quae
1494 689 1643 751 proceres

188 787 321 854 totaque
345 774 501 850 nobilitas
524 796 607 856 quae
631 776 769 857 denique
791 780 935 837 omnium
958 779 1084 839 urbium
1108 781 1263 856 primores
1278 796 1407 839 summo
1422 775 1531 838 studio
1547 786 1643 856 atque

188 878 304 942 affectu
316 891 481 957 expetunt.
497 879 550 941 An
562 880 755 959 prudentior,
771 882 947 962 religiosior
962 886 1181 961 amantiorque
1196 884 1317 960 patriae
1333 882 1485 942 omnibus
1500 880 1568 941 aliis
1579 879 1643 941 est?

188 982 286 1062 Quod
311 985 455 1062 prolecto
478 985 520 1045 de
543 1004 578 1046 se
590 988 707 1047 sentire
722 997 753 1046 et
769 987 901 1064 superbi
924 997 955 1046 et
971 990 1146 1067 arrogantis
1168 996 1225 1047 est.
1248 985 1302 1047 An
1318 985 1452 1047 lortasse
1470 1003 1536 1045 non
1553 996 1642 1064 putat

188 1108 223 1149 sc
249 1092 335 1162 tanti,
367 1091 477 1168 quanti
499 1108 585 1151 nunc
608 1101 665 1164 est,
696 1092 832 1152 nominis
854 1090 1118 1170 authoritatisque
1150 1093 1181 1151 in
1211 1101 1326 1169 pacata
1349 1087 1583 1168 tranquillaque
1611 1098 1642 1148 et

188 1192 271 1252 bene
301 1195 442 1255 instituta
473 1194 634 1273 republica
661 1194 822 1257 futurum?
858 1193 931 1256 Hoc
954 1197 1102 1256 nimirum
1126 1207 1181 1267 est,
1213 1193 1302 1275 quod
1333 1193 1472 1254 amicum
1496 1204 1641 1253 nostrum

188 1310 306 1357 movet:
330 1316 396 1358 non
419 1299 504 1360 enim
527 1297 631 1359 licebit
647 1299 765 1378 passim
781 1298 823 1360 de
839 1297 991 1381 religione
1006 1317 1176 1373 susurrare,
1200 1317 1264 1360 non
1285 1299 1466 1360 obtrectare
1481 1296 1641 1368 ecclesiae,

187 1419 252 1461 non
280 1420 428 1483 spargere
455 1404 577 1463 semina
604 1401 842 1476 discordiarum,
874 1422 940 1464 non
963 1403 1101 1482 denique
1131 1404 1286 1481 pestiferis
1310 1402 1358 1463 his
1385 1400 1591 1463 sermonibus
1604 1397 1642 1478 ¹⁵)

187 1506 366 1583 imperitum
398 1506 511 1589 vulgus
533 1506 575 1567 ad
599 1525 649 1567 res
672 1526 773 1567 novas
795 1509 932 1568 incitare.
968 1506 1082 1587 Neque
1104 1509 1189 1568 enim
1213 1507 1361 1570 homines
1383 1507 1496 1586 priscis
1517 1503 1642 1566 calami-

188 1610 305 1671 tatibus
327 1610 434 1672 edocti
457 1610 650 1684 tolerabunt,
675 1613 700 1672 si
724 1609 801 1689 quid
824 1609 865 1672 ad
887 1610 1092 1672 evertendam
1123 1611 1354 1691 rempublicam
1378 1609 1476 1670 etad
1500 1611 1640 1689 quietem

186 1717 367 1793 provinciae
391 1715 641 1794 perturbandam
666 1714 731 1775 fieri
755 1715 880 1795 dicique
903 1715 1068 1778 videbitur.
1091 1714 1257 1797 Sequitur:

472 1854 582 1933 »Quae
604 1873 683 1936 gens
706 1853 872 1936 Pragensis
894 1873 995 1933 opera
1017 1855 1147 1917 molitur
1170 1857 1262 1928 inani,

562 1958 603 2020 Et
627 1978 711 2039 quae
733 1958 885 2038 perficere
909 1978 1020 2020 musca
1042 1958 1200 2039 culexque
1223 1968 1358 2038 potest«

187 2115 367 2197 Perstringit
391 2135 443 2176 me
467 2126 644 2177 scommate
667 2135 770 2176 novus
793 2118 850 2177 iste
866 2115 1005 2194 Tymon‚
1028 2119 1181 2197 quoniam
1204 2119 1236 2178 in
1253 2116 1397 2196 quodam
1413 2116 1642 2197 epigrammate

186 2221 245 2281 hac
269 2220 310 2281 dc
334 2239 367 2281 re
390 2223 432 2282 ita
455 2221 566 2281 cecini:

448 2358 587 2442 »Magna
610 2371 723 2439 parant
746 2361 901 2433 homines,
924 2378 1062 2439 quorum
1087 2370 1121 2420 tu
1144 2361 1275 2420 nomina
1298 2360 1391 2432 nosti,

574 2463 615 2525 Et
637 2466 691 2524 vix
714 2464 840 2524 mortali
863 2462 1056 2544 perficienda
1079 2483 1204 2525 manus
1242 2540 1248 2549 .

187 2620 390 2691 Potestatcm,
414 2641 511 2702 qnam
536 2639 597 2702 ego
621 2620 804 2681 hominibus
826 2619 941 2692 ademi,
964 2621 990 2680 is
1012 2621 1108 2680 etiam
1131 2619 1285 2680 culicibus
1307 2618 1493 2697 muscisque
1516 2616 1640 2678 tribuit:

186 2725 243 2787 scd
268 2746 366 2804 quam
389 2727 448 2786 sibi
470 2738 604 2793 constet,
628 2727 695 2804 ipse
718 2722 883 2802 viderit.¹⁶)
914 2722 945 2785 Si
970 2725 1055 2784 enim
1079 2722 1180 2784 facilia
1203 2735 1285 2795 sunt,
1308 2741 1393 2801 quae
1415 2730 1564 2802 aguntur,
1581 2719 1643 2781 'cur

186 2829 391 2911 Pragensiurn
416 2848 549 2909 operam
572 2831 700 2889 inanem
724 2828 830 2906 putat?
852 2825 908 2888 Sin
932 2839 1039 2889 autem
1055 2826 1200 2900 difficilia,
1223 2845 1288 2893 cur.
1311 2845 1395 2906 quae
1410 2824 1562 2886 homines
1577 2827 1649 2884 non

186 2947 329 3013 possunt,
354 2952 481 2994 muscas
503 2933 684 3012 culicesque
708 2951 803 3009 posse
826 2930 888 2992 ait?
910 2929 974 2993 Cur
997 2951 1016 2991 a
1039 2931 1176 2991 minimis
1198 2929 1390 2991 animalibus
1413 2928 1521 3008 perfici
1546 2946 1642 3006 posse

184 3049 302 3107 censet,
333 3057 416 3117 quae
443 3056 549 3115 neque
571 3035 803 3118 Sigismundus,
832 3035 993 3107 Albertus,
1023 3033 1192 3096 Ladislaus
1214 3052 1315 3115 reges,
1344 3050 1452 3113 neque
1476 3031 1643 3102 Martinus,

185 3140 355 3222 Eugenius.
381 3141 542 3218 Nicotaus,
566 3139 719 3213 t'alixtus,
743 3139 822 3209 Pius
847 3138 961 3199 Paulus
984 3138 1153 3218 pontifices
1176 3137 1323 3210 Romani,
1346 3155 1534 3218 quanquam
1550 3134 1593 3196 ad
1610 3134 1641 3196 id

184 3247 272 3306 omni
295 3257 413 3306 conatu
437 3247 664 3311 incumberent,
695 3243 847 3324 perficere
870 3242 1062 3320 potuerunt?
1099 3242 1223 3304 Demus
1248 3245 1276 3302 ei
1299 3244 1434 3314 veniam,
1457 3243 1511 3321 qui
1536 3241 1642 3301 innata

183 3349 324 3429 quadam
348 3347 557 3410 maledicendi
581 3349 708 3410 libidine
732 3351 773 3409 ita
796 3347 928 3421 vehitur,
950 3360 985 3408 ut
1008 3347 1084 3408 nihil
1098 3366 1221 3419 eorum,
1244 3364 1328 3427 quae
1343 3344 1427 3419 dicit,
1451 3344 1642 3406 consideret.

185 3454 307 3514 Forsan
331 3456 425 3514 etiam
450 3453 628 3531 hyperbole
651 3472 736 3519 usus
760 3452 869 3533 figura,
901 3465 935 3513 nt
958 3453 1058 3531 inquit
1081 3451 1210 3523 Fabius,
1240 3452 1343 3511 amica
1372 3450 1491 3530 poetis:
1516 3449 1641 3509 tametsi

184 3559 302 3618 ectasin
326 3569 357 3617 et
381 3557 524 3637 systolen
548 3559 690 3635 inprimis
713 3555 861 3634 amplecti
884 3554 1015 3616 videtur.
1039 3554 1123 3616 Nam
1148 3564 1179 3615 et
1203 3554 1318 3615 breves
1340 3551 1490 3631 syllabas
1514 3554 1642 3633 quoties

184 3661 268 3727 libet,
292 3661 437 3739 producit
469 3675 500 3723 et
530 3660 642 3741 longas
672 3662 809 3740 corripit.
847 3657 913 3720 Sed
937 3677 1002 3718 non
1025 3670 1074 3720 est
1097 3661 1211 3719 mirum
1233 3659 1375 3719 humana
1397 3675 1473 3718 eum
1498 3676 1558 3736 pro
1582 3675 1641 3716 suo

182 3783 278 3826 sensu
295 3768 472 3837 immutare,
495 3767 584 3825 cuins
599 3767 725 3825 animus
741 3763 824 3824 adeo
840 3763 922 3823 fastu
938 3762 1051 3840 plenus
1066 3776 1123 3833 est,
1147 3774 1181 3822 ut
1197 3760 1302 3822 divina
1317 3779 1452 3842 quoque
1467 3773 1500 3822 et
1516 3778 1641 3821 versare

182 3882 214 3930 et
237 3870 268 3929 in
292 3869 451 3929 diversum
475 3881 625 3948 torquere
648 3867 775 3928 audeat.
800 3866 846 3926 lta
869 3867 953 3925 enim
976 3867 1032 3925 ait:

491 4024 574 4088 »Sed
598 4039 631 4086 tu
655 4027 828 4085 contrarias
851 4039 974 4085 mentes
997 4025 1185 4103 animosque
1209 4024 1310 4083 viriles

574 4129 708 4207 Spiritus
730 4143 761 4189 et
784 4128 886 4189 valida
911 4126 1039 4189 flamina
1063 4128 1151 4187 mitte
1174 4129 1231 4187 tui:

487 4234 622 4295 Romani
646 4252 742 4292 coma
765 4234 888 4312 possint
911 4231 1051 4313 eflugere
1075 4233 1208 4291 monstri

573 4334 720 4401 Vincula.
743 4339 793 4396 cui
817 4338 933 4396 mentis
954 4335 1062 4396 lumen
1086 4336 1200 4395 abesse
1223 4335 1340 4395 vident.

490 4441 572 4502 Nam
598 4443 688 4519 primi
712 4461 730 4500 e
754 4440 882 4519 populis
904 4453 989 4500 atras
1011 4458 1138 4500 sensere
1161 4441 1310 4499 tenebras

574 4545 697 4623 l‘npalis
720 4546 852 4604 monstri
876 4543 1124 4622 pestiferumque
1147 4542 1244 4607 netas.

485 4650 560 4726 Quo
584 4661 696 4721 gentes
720 4649 782 4708 late
805 4667 922 4708 vacuas
946 4650 1048 4707 intecit
1073 4662 1104 4707 et
1128 4647 1224 4707 urbes

573 4752 642 4812 lura
666 4772 723 4812 sna
748 4765 892 4812 statuens
916 4753 1192 4830 praecipitansque
1215 4748 1283 4810 Dei.

488 4857 539 4917 llic
563 4859 642 4935 iugis
665 4857 814 4934 gravibus
838 4870 950 4915 onerat
975 4855 1114 4933 pnrpulos
1136 4868 1168 4914 et
1191 4857 1316 4932 iniquas

573 4959 741 5021 t'orrstituit
767 4959 853 5039 leges
875 4960 1099 5039 abrogitatque
1123 4959 1249 5019 binas«

284 5188 300 5229 ²·
321 5188 345 5237 ll
367 5186 452 5237 literis
472 5184 692 5235 serrnonrliusve.

272 5288 300 5313 ”¹
320 5274 342 5324 Κ
363 5286 423 5325 tuto
444 5276 508 5323 ritu
528 5271 676 5337 ryncchal.
