3660 5850
183 361 236 416 222
872 361 953 422 151L

184 595 288 639 essem
319 588 351 638 et
381 575 531 648 viderem,
565 594 643 638 num
666 578 774 636 omnia
801 595 839 637 ea
861 595 945 650 cura,
975 575 1137 657 diligentia
1168 586 1200 637 et
1229 595 1269 637 eo
1296 574 1406 636 ordine
1436 585 1641 657 peragantur,

184 701 251 762 quo
275 700 327 742 me
350 683 565 759 impensarum
589 682 620 741 in
644 679 705 740 hos
720 699 797 742 usus
813 681 966 743 factarum
990 698 1056 742 non
1078 681 1264 760 poeniteret.
1287 678 1392 758 Quem
1409 678 1553 740 laborem
1577 680 1641 740 iam

185 783 309 846 dudum
331 784 541 846 absolvissem
565 783 765 859 domumque
790 802 841 845 me
864 787 1064 864 recepissem,
1088 785 1145 845 nisi
1170 784 1327 864 frequenti
1351 783 1500 845 imbrium
1523 794 1557 844 et
1572 783 1641 861 plu-

183 889 304 950 viarum
327 889 494 968 aspergine
525 886 695 966 impeditus
725 898 756 949 et
787 887 838 948 hic
861 907 934 950 cum
966 888 1107 970 fnrgibus
1131 887 1280 949 detentus
1303 905 1417 948 essem.
1448 885 1524 947 Non
1548 888 1639 966 potui

184 994 290 1073 itaque
313 1002 390 1053 voto
423 1003 479 1054 tuo
509 992 689 1053 satisfacere
724 1002 756 1053 et
786 995 1018 1072 epigrammata
1048 990 1140 1053 simul
1170 1003 1202 1053 et
1230 992 1348 1073 elegias
1379 1010 1454 1052 cum
1477 990 1640 1052 nonnullis

183 1095 326 1174 epistolis
349 1093 379 1156 d.
404 1094 562 1169 Bnhuslai‚
585 1097 688 1174 patrui
711 1098 755 1157 tui
778 1105 810 1157 et
832 1097 922 1157 amici
947 1098 1007 1156 mei
1028 1114 1195 1175 nunquam
1219 1095 1295 1156 mibi
1319 1096 1386 1156 sine
1409 1095 1519 1157 debita
1534 1107 1567 1156 et
1583 1094 1640 1155 ho-

182 1197 312 1260 norifica
334 1198 428 1259 laude
452 1199 660 1273 memorandi,
688 1201 743 1261 tibi
768 1201 900 1260 mittere.
935 1196 1064 1261 Curabo
1087 1210 1204 1273 tamen,
1239 1201 1478 1280 quamprimum
1502 1199 1640 1262 domum

183 1302 314 1375 rediero,
345 1301 469 1364 libellos
493 1304 578 1382 ipsos
601 1302 643 1363 ad
668 1314 698 1363 te
721 1322 778 1381 per
801 1306 985 1382 quempiam
1016 1302 1215 1364 familiarium
1237 1321 1384 1364 meorum
1407 1305 1638 1366 transmittere:

184 1405 242 1467 hac
264 1426 339 1467 vero
361 1407 440 1488 lege,
463 1418 497 1467 ut
517 1425 590 1468 cum
613 1409 756 1485 impressi
781 1418 836 1469 aut
859 1406 1005 1487 descripti
1029 1407 1149 1480 fuerint,
1173 1405 1275 1468 redire
1298 1406 1340 1469 ad
1357 1426 1409 1468 me
1431 1426 1497 1468 non
1513 1406 1640 1467 oblivis·

184 1522 301 1572 cantur.
334 1510 408 1572 Hoc
431 1523 461 1572 te
484 1530 585 1572 unum
608 1510 783 1573 admonere
806 1512 888 1584 volo
919 1521 962 1585 ut,
992 1530 1066 1573 cum
1090 1512 1145 1572 tibi
1168 1511 1348 1584 afferentur,
1377 1509 1559 1592 diligentius
1582 1529 1640 1571 eos

184 1612 271 1696 legas
293 1625 325 1676 et
348 1614 499 1697 perlegas.
532 1613 615 1677 Sunt
638 1618 722 1677 enim
745 1615 839 1695 culpa
860 1615 976 1677 librarii
1006 1618 1038 1676 in
1061 1613 1222 1675 nonnullis
1245 1614 1323 1676 locis
1345 1627 1495 1693 corrupte
1523 1616 1639 1694 scripti,

185 1736 268 1798 quos
283 1737 345 1800 ego
360 1731 492 1798 propter
508 1721 593 1779 varia
609 1721 813 1802 negotiorum
835 1717 1062 1798 impedimenta
1079 1737 1310 1801 recognoscere
1333 1737 1399 1780 non
1416 1720 1522 1796 potui:
1550 1718 1640 1779 facile

185 1833 292 1884 tamen
308 1823 388 1882 inter
404 1822 577 1905 legendum
599 1823 762 1885 emendari
779 1835 809 1885 et
825 1824 970 1904 castigari
989 1833 1147 1901 potemnt.
1171 1822 1254 1884 Vale
1269 1825 1398 1902 optime,
1421 1834 1453 1884 et
1469 1841 1523 1882 me
1538 1834 1640 1894 tuum,

184 1928 266 1988 sicut
287 1927 381 2000 soles,
404 1946 486 1988 ama.
510 1925 663 1990 Gurimae
686 1930 706 1994 3
730 1926 843 1990 Nonas
865 1926 948 2010 Aug.
975 1927 1067 1991 1511.

272 2096 323 2150 Viz
342 2098 498 2166 poznrlmlru
516 2099 532 2152 k
552 2098 614 2152 listu
633 2099 816 2169 pledellemu.

876 2401 945 2463 llll.

508 2557 588 2650 Jan
617 2535 787 2632 §lecina
814 2553 1092 2651 Sigmundovi
1120 2552 1311 2647 zJeleni.

271 2744 290 2798 Ζ
310 2745 431 2802 1108101111
451 2745 502 2801 aad
522 2744 616 2802 labent
636 2747 694 2801 1611
719 2777 748 2783 --
768 2747 804 2801 31.
824 2744 901 2815 ilina.
933 2742 1025 2809 Lituje
1049 2743 1202 2810 pledcasne
1227 2741 1305 2794 emrti
1325 2741 1426 2794 uditele
1443 2740 1511 2808 jeho
1531 2741 1566 2794 M.
1586 2740 1640 2793 VA-

185 2832 264 2885 clava
277 2831 439 2895 Plseclreho‚
458 2832 466 2885 i
486 2833 635 2901 napomlna
651 2833 688 2901 jej
707 2834 723 2886 k
742 2832 878 2902 poiadfml
897 2840 1007 2892 otcovu‚
1021 2829 1076 2896 aby
1094 2828 1134 2897 pii
1154 2827 1274 2881 studiieh
1295 2827 1541 2896 humanisrickych
1561 2844 1578 2880 o
1596 2844 1639 2880 za·

185 2918 330 2971 chovalost
348 2920 455 2973 mravnl
473 2919 537 2973 dbal
556 2937 589 2974 co
608 2920 725 2987 nejvlce,
743 2918 918 2988 predtladaje
937 2935 984 2972 mu
1002 2924 1140 2984 prvotnou
1158 2914 1316 2968 oblibenost
1334 2914 1342 2967 i
1361 2915 1488 2982 potornnl
1507 2913 1639 2982 opovrie-

185 3012 249 3058 nost
272 3006 400 3060 udeneho
422 3008 465 3060 ale
489 3008 679 3061 nemravneho
696 3009 847 3077 Jeronyma
870 3005 957 3059 Balba
982 3023 998 3056 v
1018 2991 1157 3064 dechach,
1183 3001 1326 3069 iuvozuje
1354 3018 1370 3053 0
1394 3003 1458 3053 nem
1484 3001 1639 3069 epigramm

185 3091 343 3146 Bohuslava
361 3110 376 3146 z
394 3094 547 3148 Loblrovic.
565 3095 650 3162 (Farr.
668 3092 739 3160 316.)

268 3270 409 3352 Joannes
431 3270 575 3334 Sslechta
597 3272 804 3355 Sigismundo
828 3270 961 3334 Gelenio
985 3292 1008 3332 s.
1032 3271 1062 3332 d.
1102 3269 1186 3333 Cum
1211 3269 1285 3330 mihi
1310 3269 1532 3330 renunciatum
1555 3279 1641 3328 esset

185 3374 227 3435 de
249 3375 340 3438 obitu
367 3377 508 3459 magistri
532 3375 711 3439 Wenceslai
735 3376 898 3451 Piscensis,
922 3376 1088 3455 quondam
1119 3374 1335 3455 praeceptoris
1365 3374 1419 3445 tui,
1443 3390 1564 3454 magno
1587 3390 1640 3432 me

185 3477 299 3541 dolore
322 3481 347 3541 is
370 3483 505 3543 nuncius
535 3482 649 3543 affecit.
687 3480 789 3543 Multa
819 3483 905 3542 enirn
928 3480 970 3542 de
992 3499 1027 3541 se
1050 3481 1095 3541 vir
1118 3480 1168 3541 ille
1198 3476 1360 3559 praeclara
1389 3476 1531 3555 polliceri
1553 3474 1640 3536 vide

186 3583 289 3658 batur,
312 3587 336 3646 si
360 3604 435 3646 eum
458 3585 576 3649 diutius
605 3585 730 3647 divinae
759 3583 978 3666 providentiae
1008 3583 1174 3646 decretum
1197 3585 1300 3642 vivere
1329 3591 1362 3642 et
1391 3589 1509 3659 coepta
1532 3578 1639 3642 studia

186 3690 334 3767 persequi
356 3691 566 3770 permisisset:
590 3689 656 3763 sed,
679 3701 715 3752 ut
737 3699 835 3770 poeta
857 3691 967 3770 inquit,
985 3699 1067 3750 »stat
1089 3706 1148 3748 sua
1170 3689 1285 3767 cuique
1308 3683 1406 3758 dies«,
1426 3694 1459 3745 et
1483 3685 1638 3762 quoniam

186 3810 225 3852 ea
247 3793 317 3875 lege
340 3795 404 3854 nati
426 3813 538 3856 sumus
561 3813 682 3868 omnes,
701 3805 736 3856 ut
757 3804 888 3855 naturae
911 3791 1042 3855 tandem
1067 3794 1107 3853 sit
1128 3788 1383 3862 concedendum,
1399 3807 1504 3866 aequo
1528 3787 1638 3848 animo

187 3900 408 3960 necessitatem
424 3898 562 3961 feramus
585 3907 721 3977 oportet.
744 3896 896 3975 Quotidie
919 3898 1004 3958 enirn
1027 3896 1182 3956 morimur
1204 3905 1235 3955 et
1259 3895 1339 3954 sicut
1356 3910 1438 3971 aqua
1459 3890 1639 3964 dilabimur,

186 4001 318 4081 quidam
340 4013 448 4063 tamen
471 4004 612 4075 celerius,
635 4001 687 4063 alii
709 4000 830 4064 tardius
852 4002 980 4063 abeunt.
1004 3998 1095 4060 Felix
1117 4010 1224 4060 autem
1248 3994 1482 4058 existimandus
1505 4004 1564 4069 est,
1584 3996 1638 4075 qui

186 4106 229 4168 ita
252 4107 392 4180 moritur,
414 4115 449 4167 ut
471 4126 514 4167 ex
536 4105 596 4168 hac
618 4106 773 4185 corporali
804 4115 908 4167 morte
937 4116 1087 4167 aeternae
1110 4104 1191 4163 vitae
1218 4102 1364 4180 praemia
1393 4100 1549 4177 consequi
1572 4117 1639 4160 me-

186 4220 300 4270 reatur.
323 4209 410 4272 Dum
433 4211 484 4272 ille
506 4212 591 4284 vixit,
615 4230 711 4290 parva
735 4209 775 4271 de
798 4222 830 4271 te
853 4211 974 4289 parenti
1005 4218 1062 4270 tuo
1085 4227 1161 4268 cura
1183 4206 1248 4279 fuit,
1271 4204 1405 4285 qualiter
1428 4204 1497 4265 istic
1520 4205 1640 4265 consti-

186 4323 274 4376 tutus
293 4316 378 4375 vivas
400 4326 431 4376 et
454 4317 485 4376 in
507 4314 619 4378 studiis
641 4314 805 4394 proficias:
828 4326 861 4376 at
884 4323 1059 4393 postquam
1082 4311 1133 4374 ille
1155 4310 1222 4371 fato
1245 4328 1304 4370 suo
1328 4307 1455 4370 functus
1474 4317 1533 4381 est,
1550 4325 1639 4389 mag·

186 4436 264 4480 num
287 4438 375 4480 mors
398 4419 465 4480 eius
488 4421 595 4480 animo
619 4438 678 4480 suo
700 4418 884 4497 scnrpulum
907 4435 1056 4478 curarum
1079 4416 1120 4476 de
1143 4427 1174 4477 te
1198 4415 1310 4487 iniecit,
1327 4431 1401 4474 cum
1424 4411 1479 4473 tali
1500 4411 1640 4473 custode

185 4520 356 4585 destitutus
378 4524 421 4583 sis
443 4523 474 4583 in
497 4533 602 4585 aetate
624 4523 675 4584 illa
698 4534 752 4584 tua
777 4533 871 4601 prout
894 4534 1003 4583 tenera
1026 4522 1068 4582 ita
1090 4519 1219 4592 lubrica,
1235 4517 1319 4578 labili
1343 4528 1375 4578 et
1398 4517 1494 4595 plena
1517 4517 1640 4595 pericu·

186 4624 297 4699 lorum,
320 4628 352 4687 in
374 4646 439 4707 qua
461 4628 543 4689 sicut
573 4627 662 4688 freno
685 4629 727 4689 ita
751 4624 972 4687 moderamine
1002 4633 1089 4685 certo
1120 4622 1250 4705 indiges.
1284 4621 1336 4682 Ex
1358 4640 1424 4702 quo
1447 4632 1556 4681 autem
1582 4620 1638 4681 tibi

186 4729 292 4792 studia
321 4729 482 4792 literarum
512 4742 643 4810 parente
673 4743 729 4792 tuo
760 4740 907 4791 narrante
936 4727 1024 4790 cordi
1055 4745 1125 4788 esse
1156 4726 1304 4809 intelligo,
1334 4727 1515 4787 institutum
1545 4736 1638 4785 tuum

186 4853 261 4897 cum
283 4834 381 4897 laudo
404 4835 585 4915 plurimum,
610 4846 678 4896 tum
701 4835 797 4895 etiam
819 4834 934 4912 probo.
973 4831 1058 4895 Nam
1081 4834 1107 4891 si
1130 4850 1240 4892 verum
1264 4831 1354 4891 faten'
1375 4829 1519 4902 velimus,
1542 4827 1638 4890 literis

186 4938 261 5001 nihil
284 4942 387 5001 maius
409 4951 464 5002 aut
487 4938 696 5001 excellentius
718 4938 861 4999 humano
891 4938 999 5018 generi
1020 4935 1087 4996 dari
1110 4937 1228 5016 potnit:
1259 4953 1333 4996 cum
1360 4935 1395 4995 iis
1418 4932 1460 4995 ad
1484 4951 1546 4993 nos
1568 4951 1639 5012 per-

184 5046 304 5106 venerit
324 5043 358 5105 id
380 5054 493 5116 totum,
512 5042 728 5122 quodcunque
751 5060 913 5123 magnum,
937 5039 1097 5102 excellens
1121 5039 1328 5118 divinumque
1350 5039 1501 5116 sapimus,
1518 5039 1639 5098 omnis·

186 5167 249 5228 que
272 5147 322 5209 ille
346 5148 460 5209 beatus
482 5146 572 5221 odor,
595 5164 693 5225 quem
715 5145 756 5206 de
777 5146 953 5220 virtutibus,
977 5145 1018 5206 de
1041 5144 1185 5205 moribus
1212 5143 1319 5223 deque
1342 5141 1525 5204 liberalibus
1548 5159 1639 5202 acce-

187 5252 293 5330 pimus
316 5251 452 5313 artibus:
483 5252 519 5311 iis
542 5252 646 5322 ctiam,
670 5248 948 5329 quemadmodum
980 5248 1107 5328 publica
1138 5259 1170 5310 et
1199 5249 1320 5325 privata
1351 5248 1395 5307 sic
1425 5264 1515 5307 sacra
1538 5256 1638 5324 atque
