3660 5850
820 590 868 652 14.

420 728 640 802 Bohuslav
668 728 918 802 Bernhardu
947 727 1270 801 Adelmannovi.

207 897 284 959 11488
304 925 335 935 -
356 897 542 962 nullorum.)
565 899 679 952 Vzdava
701 899 809 960 ehvalu,
835 899 866 951 le
885 915 919 951 za
937 898 1062 967 pildinou
1087 898 1170 951 studii
1189 899 1224 950 do
1244 899 1332 951 Gallie
1352 916 1381 951 se
1401 899 1496 967 vydal;
1525 899 1567 952 ale

119 983 199 1034 mede
220 983 406 1051 leprospechu
431 985 536 1048 svernu,
566 986 694 1038 odchodu
721 985 786 1052 jeho
809 985 893 1051 lituje.
924 985 1028 1037 Natezt
1051 989 1160 1037 ostatne
1186 985 1288 1037 t'rtdchu
1308 986 1447 1047 vochote,
1465 985 1501 1051 jit
1521 1003 1567 1038 mu

117 1069 242 1121 osveddil
267 1071 434 1138 ptttetstym
460 1071 550 1124 listem
577 1071 652 1124 bratr
674 1072 794 1125 Kourad.
825 1072 958 1124 Konednd
977 1071 1059 1139 prosi,
1085 1070 1138 1138 aby
1158 1088 1203 1123 mu
1226 1070 1323 1138 opatiil
1347 1071 1488 1139 ddjepisna
1513 1072 1568 1124 dila

118 1155 297 1209 hodnovernt
323 1158 498 1210 onarodech
524 1160 687 1226 zapadnlch,
712 1159 785 1225 jichl
811 1159 896 1227 hyse
915 1158 1026 1226 dopidil.
1054 1158 1132 1222 (Luc.
1151 1156 1205 1216 110.)

205 1314 389 1378 Bernhardo
412 1316 618 1379 Adelmanno
642 1340 664 1379 s.
690 1338 717 1396 p.
743 1319 772 1379 d.
798 1317 906 1379 Audio
929 1328 961 1379 te
978 1319 1006 1377 in
1027 1317 1162 1379 Galliam
1187 1337 1296 1378 amore
1312 1317 1471 1378 literarum
1495 1339 1567 1396 pro-

116 1419 235 1481 iectum
260 1439 338 1493 esse,
370 1421 443 1484 ideo
474 1425 640 1484 consilium
672 1435 761 1484 tuum
795 1423 999 1482 vehementer
1030 1423 1151 1500 probo;
1186 1441 1290 1501 neque
1322 1422 1383 1482 hoc
1414 1424 1567 1503 exiguum

116 1527 236 1598 aetatiS,
259 1527 349 1607 quod
373 1528 467 1588 nobis
482 1548 502 1588 a
517 1541 630 1589 natura
654 1527 765 1589 datum
790 1540 846 1597 est,
871 1526 983 1587 melius
1008 1524 1147 1603 impendi
1171 1536 1286 1603 potest.
1310 1523 1343 1587 Si
1363 1527 1447 1585 enim
1471 1545 1568 1607 nego-

115 1631 254 1703 tiatores,
278 1632 404 1711 quoties
427 1632 471 1691 cis
494 1631 599 1712 aliqua
623 1651 696 1710 spes
719 1632 794 1692 lucri
825 1633 1024 1709 proponitur,
1055 1648 1120 1690 non
1144 1627 1248 1690 solum
1279 1628 1389 1690 ultima
1419 1649 1567 1710 quaeque

115 1745 267 1795 terrarum
291 1735 363 1796 loca
379 1735 519 1805 lustrant,
543 1735 600 1796 sed
625 1739 720 1796 etiam
737 1753 850 1795 omnes
874 1734 1001 1795 labores
1017 1743 1113 1813 atque
1136 1732 1273 1811 pericula
1288 1742 1405 1811 sponte
1421 1733 1566 1806 subeunt,

116 1837 193 1918 quid
216 1851 272 1912 est,
296 1838 385 1919 quod
408 1858 468 1901 nos
492 1841 533 1901 ab
553 1842 755 1919 inquisitione
777 1839 870 1900 huius
890 1839 1112 1916 preciosissimi
1133 1837 1346 1898 humanarum
1371 1856 1476 1898 rerum
1500 1838 1566 1898 the·

114 1944 197 2003 sauri
220 1944 380 2004 deterrere
404 1952 509 2023 queat,
541 1946 726 2021 praesertim
750 1961 823 2004 cum
847 1961 912 2003 non
943 1942 1046 2003 desint
1070 1942 1163 2002 nobis
1187 1943 1403 2002 maximorum
1427 1942 1566 2002 virorum

113 2046 270 2125 exempla,
293 2048 348 2127 qui
370 2066 483 2108 amore
506 2049 680 2125 sapientiae
704 2066 818 2109 omnes
841 2058 953 2128 gentes
976 2058 1072 2126 atque
1096 2049 1242 2106 nationes
1272 2046 1412 2126 (quoties
1435 2064 1491 2106 eos
1514 2045 1568 2106 ali·

112 2152 202 2211 cuius
225 2149 389 2213 doctrinae
412 2150 497 2211 fama
520 2151 673 2232 ducebat)
698 2153 860 2232 pervagati
883 2162 966 2212 sunt.
999 2151 1112 2230 Neque
1140 2150 1270 2211 senibus
1294 2160 1386 2228 turpe
1410 2151 1566 2228 putabant

113 2249 151 2314 ea
174 2253 305 2329 discere,
329 2275 412 2335 quae
436 2257 566 2317 iuvenes
593 2255 819 2337 neglexerunt;
855 2257 1049 2335 quinetiam
1081 2254 1209 2332 quidam
1242 2273 1346 2314 exeo
1377 2272 1511 2314 numero
1535 2256 1564 2314 in

113 2369 259 2420 extrema
286 2371 450 2421 senectute
482 2361 634 2440 magistro
661 2359 703 2419 ad
727 2358 830 2436 lyram
862 2377 939 2419 usus
963 2357 1084 2431 dicitur,
1115 2368 1145 2418 et
1168 2357 1248 2417 alius
1277 2358 1430 2437 gloriatus
1461 2368 1566 2419 estse

113 2461 256 2542 quotidie
278 2462 398 2543 aliquid
414 2462 589 2525 discentem
605 2482 777 2524 senescere.
801 2462 874 2524 Tibi
897 2464 1018 2523 veroin
1043 2463 1114 2539 ipso
1130 2463 1242 2521 aetatis
1266 2460 1344 2521 flore
1367 2463 1393 2522 si
1417 2461 1488 2540 quis
1503 2461 1565 2522 hoc

115 2576 238 2626 tantum
261 2567 421 2627 bonarum
443 2568 560 2627 artium
576 2565 718 2627 studium
741 2566 815 2627 vitio
840 2566 938 2639 daret,
962 2583 1070 2625 nonne
1086 2563 1240 2642 desipere,
1264 2564 1399 2626 delirare
1422 2576 1454 2627 et
1469 2565 1564 2644 plane

114 2668 215 2729 furere
230 2668 407 2730 videretur?
430 2668 559 2731 Mecum
575 2680 683 2730 tamen
699 2669 862 2750 aliquanto
886 2668 1025 2730 deterius
1040 2671 1150 2749 agitur,
1174 2670 1325 2749 quoniam
1350 2668 1461 2748 procul
1477 2669 1564 2741 abes,

114 2784 145 2834 et
168 2792 274 2854 neque
297 2784 363 2835 tam
387 2774 569 2854 frequentes
592 2773 698 2835 literas
720 2772 761 2833 ad
784 2792 836 2833 me
859 2772 936 2834 dare
970 2792 1075 2853 neque
1099 2783 1188 2834 tanta
1210 2771 1370 2855 diligentia
1402 2792 1449 2847 ea,
1482 2793 1565 2852 quae

114 2878 156 2939 ad
180 2897 232 2938 me
254 2880 420 2956 pertinent,
444 2898 552 2939 curare
580 2889 680 2957 potes
719 2877 802 2938 Fero
827 2889 933 2937 tamen
961 2876 1155 2938 desiderium
1178 2878 1231 2949 tui,
1259 2877 1411 2955 quoniam
1435 2886 1467 2938 te
1494 2897 1566 2955 pro-

114 2981 242 3060 pediem
266 2981 397 3060 plenum
420 2981 615 3044 Gallicarum
644 2983 805 3055 mercium,
837 2982 898 3042 hoc
921 2993 970 3042 est
993 2983 1080 3042 omni
1108 2980 1268 3042 literarum
1296 2998 1413 3061 genere
1440 2981 1482 3042 ad
1505 3001 1565 3043 nos

114 3086 288 3147 rediturum
310 3105 413 3164 spere.
437 3085 564 3149 Solatur
588 3105 640 3146 me
655 3089 750 3146 etiam
774 3085 875 3147 fratris
891 3087 943 3158 tui,
967 3087 1080 3163 optimi
1095 3085 1157 3157 viri,
1181 3084 1369 3157 humanitas,
1394 3087 1448 3165 qui
1463 3105 1565 3165 nuper

114 3208 244 3250 omnem
275 3191 351 3251 mihi
380 3208 472 3251 suam
503 3209 636 3268 operam
666 3208 722 3268 per
752 3189 856 3250 literas
882 3188 1041 3268 pollicitus
1071 3200 1135 3250 est:
1167 3187 1256 3267 quod
1284 3208 1325 3248 eo
1347 3192 1469 3270 gratius
1499 3190 1563 3264 suit,

113 3295 266 3372 quoniam
297 3295 426 3354 minime
457 3306 545 3356 tanta
573 3314 645 3355 cum
675 3314 715 3354 eo
743 3294 937 3355 familiaritas
965 3293 1129 3354 Ferrariae
1157 3304 1233 3365 erat,
1263 3303 1298 3354 ut
1321 3293 1440 3371 aliquid
1470 3293 1565 3355 huius

114 3397 203 3459 modi
225 3398 324 3459 abeo
347 3409 520 3478 expectare
536 3398 710 3460 debuerim.
735 3396 904 3460 Caeterum
928 3416 968 3459 ne
992 3408 1023 3458 te
1039 3396 1126 3476 apud
1150 3395 1262 3469 Gallos
1284 3417 1303 3456 a
1327 3398 1477 3459 servitute
1492 3417 1565 3460 mea

112 3501 247 3564 liberum
271 3504 441 3576 existimes,
475 3522 535 3581 pro
551 3514 660 3564 nostra
683 3513 794 3563 mutua
825 3501 1048 3564 benevolentia
1071 3512 1102 3562 te
1125 3502 1220 3561 etiam
1244 3510 1340 3581 atque
1363 3503 1459 3562 etiam
1475 3521 1564 3582 rogo,

113 3607 238 3686 siquae
259 3607 408 3669 historiae
424 3606 553 3680 Galliae,
577 3606 758 3667 Britanniae
773 3616 832 3668 etc.
854 3608 997 3667 omnium
1022 3603 1161 3685 denique
1176 3605 1298 3667 illarum
1314 3608 1465 3686 gentium,
1481 3625 1565 3686 quae

114 3707 236 3784 Rheno,
265 3709 427 3772 Rhodano
457 3723 515 3772 etc.
544 3713 735 3791 internoque
766 3713 844 3772 mari
877 3712 1067 3784 ambiuntur,
1103 3711 1133 3770 in
1165 3711 1312 3771 manibus
1341 3720 1423 3784 sunt,
1453 3720 1488 3771 ut
1512 3729 1564 3772 me

113 3832 223 3875 earum
250 3816 439 3893 participem
463 3814 572 3876 facias:
602 3834 707 3895 neque
730 3834 792 3898 ego
815 3817 846 3876 in
869 3815 917 3876 his
939 3814 1156 3895 eloquentiam
1179 3813 1237 3875 sed
1261 3813 1359 3875 fidem
1383 3834 1488 3876 rerum
1511 3834 1564 3898 ge-

111 3932 234 3981 starum
260 3921 397 3999 requiro,
438 3918 509 3980 Hac
533 3920 563 3980 in
587 3939 619 3980 re
649 3920 675 3980 si
703 3920 777 3981 mihi
809 3939 932 3981 morem
960 3921 1104 4000 gesseris
1136 3937 1271 4000 magnus
1300 3919 1341 3979 ad
1369 3931 1424 3980 tua
1451 3922 1482 3980 in
1512 3939 1563 3981 me

112 4023 231 4096 merita,
255 4022 344 4103 quod
368 4025 430 4084 iam
454 4042 519 4085 non
543 4025 720 4085 arbitrabar
742 4022 807 4084 fieri
830 4042 935 4101 posse,
960 4023 1107 4084 cumulus
1130 4023 1271 4085 accedet.
1295 4020 1386 4084 Vale.

199 4192 260 4245 List
278 4200 356 4246 tento
381 4194 487 4262 napsfin
512 4192 608 4260 zajistt
634 4196 770 4247 soudasne
789 4211 802 4244 s
821 4195 986 4262 pledes‘lym,
1006 4193 1014 4245 i
1034 4193 1146 4246 odeslitn
1171 4210 1207 4261 po
1226 4193 1385 4247 Konradovi
1410 4194 1562 4249 adressatu.

814 4423 860 4486 15.

308 4560 528 4635 Bohuslav
557 4559 803 4635 Oldiichovi
832 4562 1012 4657 biskupu
1042 4559 1379 4636 Tridentskemu.

197 4729 274 4798 (1488
294 4761 326 4770 -
346 4731 510 4789 1181111111
530 4731 682 4788 1111111487
708 4733 894 4803 11111111111111.)
925 4733 1092 4801 Blahopl‘ini
1113 4734 1272 4787 lrhodnosti
1298 4733 1426 4786 nedavno
1450 4731 1560 4801 nabyte.

108 4819 189 4887 (Luc.
208 4817 262 4887 53.)

199 4962 331 5024 Hulrico
362 4963 602 5043 archiepiscopo
636 4963 825 5026 Tridentino
856 4984 879 5024 s.
911 4982 940 5041 p.
965 4963 994 5024 d.
1032 4961 1099 5024 Etsi
1140 4963 1259 5024 tardius
1291 4963 1431 5032 sortasse,
1463 4982 1561 5042 quam

110 5066 293 5145 oportebat,
316 5065 428 5127 honori
451 5078 507 5127 tuo
529 5069 678 5149 gratulor,
703 5081 793 5146 pater
810 5071 941 5146 optime,
965 5066 1105 5147 gratulor
1128 5078 1244 5139 tamen,
1267 5080 1298 5128 et
1321 5078 1355 5127 ut
1379 5069 1432 5129 tibi
1457 5069 1560 5146 ponti-

109 5170 223 5231 hcatus
239 5172 297 5232 iste
313 5173 525 5249 sempiternae
540 5170 625 5231 laudi
648 5173 832 5252 gloriaeque
847 5173 894 5242 sit,
919 5189 1113 5250 magnopere
1137 5184 1225 5249 opto.
1248 5171 1319 5252 Jarn
1335 5171 1459 5249 pridem
1475 5173 1559 5231 enim

108 5277 216 5337 virtuti
237 5288 311 5336 tuae
328 5274 506 5336 debebatur
523 5276 706 5336 huiusmodi
729 5276 828 5349 locus,
852 5279 882 5336 in
899 5295 965 5356 quo
989 5295 1054 5335 non
1070 5276 1175 5337 solum
1191 5276 1296 5337 lumen
1313 5278 1418 5350 animi,
1435 5278 1558 5358 ingenii,
