<?xml version="1.0" encoding="UTF-8"?>
<!DOCTYPE html PUBLIC "-//W3C//DTD XHTML 1.0 Transitional//EN"
    "http://www.w3.org/TR/xhtml1/DTD/xhtml1-transitional.dtd">
<html xmlns="http://www.w3.org/1999/xhtml" xml:lang="en" lang="en">
 <head>
  <title>
</title>
<meta http-equiv="Content-Type" content="text/html;charset=utf-8" />
  <meta name='ocr-system' content='tesseract 3.04.00' />
  <meta name='ocr-capabilities' content='ocr_page ocr_carea ocr_par ocr_line ocrx_word'/>
</head>
<body>
  <div class='ocr_page' id='page_1' title='image "./listbohuslavaha00truhgoog_0150.png"; bbox 0 0 3660 5850; ppageno 0'>
   <div class='ocr_carea' id='block_1_1' title="bbox 185 393 948 452">
    <p class='ocr_par' dir='ltr' id='par_1_1' title="bbox 185 393 948 452">
     <span class='ocr_line' id='line_1_1' title="bbox 185 393 948 452; baseline 0 -3"><span class='ocrx_word' id='word_1_1' title='bbox 185 394 238 449; x_wconf 74' lang='grc'><strong>108</strong></span> <span class='ocrx_word' id='word_1_2' title='bbox 868 393 948 452; x_wconf 85' lang='grc'><strong>1501.</strong></span> 
     </span>
    </p>
   </div>
   <div class='ocr_carea' id='block_1_2' title="bbox 183 604 1645 1517">
    <p class='ocr_par' dir='ltr' id='par_1_2' title="bbox 183 604 1645 1517">
     <span class='ocr_line' id='line_1_2' title="bbox 183 604 1632 686; baseline -0.004 -16"><span class='ocrx_word' id='word_1_3' title='bbox 183 611 296 670; x_wconf 82' lang='lat' dir='ltr'><strong>caeteri</strong></span> <span class='ocrx_word' id='word_1_4' title='bbox 320 627 377 686; x_wconf 88' lang='lat' dir='ltr'><strong>per</strong></span> <span class='ocrx_word' id='word_1_5' title='bbox 399 608 608 669; x_wconf 84' lang='lat' dir='ltr'>ambitionem</span> <span class='ocrx_word' id='word_1_6' title='bbox 631 606 774 669; x_wconf 90' lang='lat' dir='ltr'><strong>tendunt.</strong></span> <span class='ocrx_word' id='word_1_7' title='bbox 798 605 904 685; x_wconf 78' lang='lat' dir='ltr'><strong>Stipes</strong></span> <span class='ocrx_word' id='word_1_8' title='bbox 927 606 995 667; x_wconf 91' lang='lat' dir='ltr'><strong>sola</strong></span> <span class='ocrx_word' id='word_1_9' title='bbox 1019 610 1120 667; x_wconf 83' lang='lat' dir='ltr'><strong>minor·</strong></span> <span class='ocrx_word' id='word_1_10' title='bbox 1143 617 1200 679; x_wconf 91' lang='lat' dir='ltr'><strong>est,</strong></span> <span class='ocrx_word' id='word_1_11' title='bbox 1216 624 1313 684; x_wconf 89' lang='lat' dir='ltr'><strong>quam</strong></span> <span class='ocrx_word' id='word_1_12' title='bbox 1336 616 1371 668; x_wconf 91' lang='lat' dir='ltr'><strong>ut</strong></span> <span class='ocrx_word' id='word_1_13' title='bbox 1391 605 1466 666; x_wconf 91' lang='lat' dir='ltr'><strong>mihi</strong></span> <span class='ocrx_word' id='word_1_14' title='bbox 1489 604 1632 668; x_wconf 86' lang='lat' dir='ltr'><strong>sufficere</strong></span> 
     </span>
     <span class='ocr_line' id='line_1_3' title="bbox 183 708 1633 795; baseline -0.004 -21"><span class='ocrx_word' id='word_1_15' title='bbox 183 716 298 791; x_wconf 88' lang='lat' dir='ltr'>possit:</span> <span class='ocrx_word' id='word_1_16' title='bbox 323 712 404 773; x_wconf 90' lang='lat' dir='ltr'><strong>hanc</strong></span> <span class='ocrx_word' id='word_1_17' title='bbox 423 731 536 790; x_wconf 86' lang='lat' dir='ltr'>precor</span> <span class='ocrx_word' id='word_1_18' title='bbox 559 714 675 795; x_wconf 85' lang='lat' dir='ltr'><strong>augeri.</strong></span> <span class='ocrx_word' id='word_1_19' title='bbox 701 709 744 772; x_wconf 91' lang='lat' dir='ltr'><strong>Ut</strong></span> <span class='ocrx_word' id='word_1_20' title='bbox 759 713 845 772; x_wconf 90' lang='lat' dir='ltr'><strong>enim</strong></span> <span class='ocrx_word' id='word_1_21' title='bbox 869 729 976 772; x_wconf 93' lang='lat' dir='ltr'><strong>meum</strong></span> <span class='ocrx_word' id='word_1_22' title='bbox 1000 721 1048 771; x_wconf 87' lang='lat' dir='ltr'><strong>est</strong></span> <span class='ocrx_word' id='word_1_23' title='bbox 1067 709 1140 770; x_wconf 84' lang='lat' dir='ltr'>nihil</span> <span class='ocrx_word' id='word_1_24' title='bbox 1157 728 1280 783; x_wconf 88' lang='lat' dir='ltr'><strong>eorum,</strong></span> <span class='ocrx_word' id='word_1_25' title='bbox 1295 729 1380 790; x_wconf 92' lang='lat' dir='ltr'><strong>quae</strong></span> <span class='ocrx_word' id='word_1_26' title='bbox 1395 708 1549 772; x_wconf 86' lang='lat' dir='ltr'><strong>Maiestas</strong></span> <span class='ocrx_word' id='word_1_27' title='bbox 1563 708 1633 770; x_wconf 91' lang='lat' dir='ltr'><strong>Tua</strong></span> 
     </span>
     <span class='ocr_line' id='line_1_4' title="bbox 183 812 1634 894; baseline -0.002 -19"><span class='ocrx_word' id='word_1_28' title='bbox 183 817 325 894; x_wconf 81' lang='lat' dir='ltr'><strong>imperet.</strong></span> <span class='ocrx_word' id='word_1_29' title='bbox 349 834 511 876; x_wconf 85' lang='lat' dir='ltr'><strong>recusare:</strong></span> <span class='ocrx_word' id='word_1_30' title='bbox 536 817 577 877; x_wconf 89' lang='lat' dir='ltr'><strong>ita</strong></span> <span class='ocrx_word' id='word_1_31' title='bbox 595 815 769 876; x_wconf 80' lang='lat' dir='ltr'><strong>Maiestatis</strong></span> <span class='ocrx_word' id='word_1_32' title='bbox 785 812 875 875; x_wconf 85' lang='lat' dir='ltr'><strong>Tuae</strong></span> <span class='ocrx_word' id='word_1_33' title='bbox 891 813 1057 875; x_wconf 90' lang='lat' dir='ltr'><strong>consulere</strong></span> <span class='ocrx_word' id='word_1_34' title='bbox 1072 813 1147 875; x_wconf 91' lang='lat' dir='ltr'><strong>mibi</strong></span> <span class='ocrx_word' id='word_1_35' title='bbox 1163 832 1346 893; x_wconf 91' lang='lat' dir='ltr'><strong>curareque,</strong></span> <span class='ocrx_word' id='word_1_36' title='bbox 1370 824 1405 873; x_wconf 92' lang='lat' dir='ltr'><strong>ut</strong></span> <span class='ocrx_word' id='word_1_37' title='bbox 1419 832 1494 874; x_wconf 92' lang='lat' dir='ltr'><strong>cum</strong></span> <span class='ocrx_word' id='word_1_38' title='bbox 1511 812 1634 873; x_wconf 92' lang='lat' dir='ltr'><strong>honore</strong></span> 
     </span>
     <span class='ocr_line' id='line_1_5' title="bbox 183 917 1634 1005; baseline -0.003 -25"><span class='ocrx_word' id='word_1_39' title='bbox 183 922 213 981; x_wconf 94' lang='lat' dir='ltr'><strong>in</strong></span> <span class='ocrx_word' id='word_1_40' title='bbox 236 918 308 981; x_wconf 91' lang='lat' dir='ltr'><strong>aula</strong></span> <span class='ocrx_word' id='word_1_41' title='bbox 331 918 403 1005; x_wconf 71' lang='lat' dir='ltr'><strong>Tua</strong></span> <span class='ocrx_word' id='word_1_42' title='bbox 425 921 541 981; x_wconf 84' lang='lat' dir='ltr'><strong>versari</strong></span> <span class='ocrx_word' id='word_1_43' title='bbox 565 921 694 999; x_wconf 90' lang='lat' dir='ltr'><strong>possim.</strong></span> <span class='ocrx_word' id='word_1_44' title='bbox 719 917 833 998; x_wconf 86' lang='lat' dir='ltr'><strong>Neque</strong></span> <span class='ocrx_word' id='word_1_45' title='bbox 857 937 917 998; x_wconf 83' lang='lat' dir='ltr'><strong>ego</strong></span> <span class='ocrx_word' id='word_1_46' title='bbox 934 936 1019 979; x_wconf 93' lang='lat' dir='ltr'><strong>nunc</strong></span> <span class='ocrx_word' id='word_1_47' title='bbox 1042 917 1160 997; x_wconf 90' lang='lat' dir='ltr'><strong>aliquid</strong></span> <span class='ocrx_word' id='word_1_48' title='bbox 1178 935 1330 998; x_wconf 80' lang='lat' dir='ltr'><strong>magnum</strong></span> <span class='ocrx_word' id='word_1_49' title='bbox 1347 919 1634 996; x_wconf 88' lang='lat' dir='ltr'><strong>inconsuetumque</strong></span> 
     </span>
     <span class='ocr_line' id='line_1_6' title="bbox 183 1019 1645 1101; baseline -0.003 -17"><span class='ocrx_word' id='word_1_50' title='bbox 183 1026 286 1101; x_wconf 90' lang='lat' dir='ltr'><strong>cupio,</strong></span> <span class='ocrx_word' id='word_1_51' title='bbox 309 1022 366 1084; x_wconf 87' lang='lat' dir='ltr'><strong>sed</strong></span> <span class='ocrx_word' id='word_1_52' title='bbox 390 1022 432 1083; x_wconf 90' lang='lat' dir='ltr'><strong>ad</strong></span> <span class='ocrx_word' id='word_1_53' title='bbox 456 1034 666 1084; x_wconf 83' lang='lat' dir='ltr'><strong>memoratam</strong></span> <span class='ocrx_word' id='word_1_54' title='bbox 690 1041 851 1083; x_wconf 90' lang='lat' dir='ltr'><strong>summam</strong></span> <span class='ocrx_word' id='word_1_55' title='bbox 874 1022 1031 1083; x_wconf 89' lang='lat' dir='ltr'><strong>ducentos</strong></span> <span class='ocrx_word' id='word_1_56' title='bbox 1054 1040 1169 1083; x_wconf 88' lang='lat' dir='ltr'><strong>aureos</strong></span> <span class='ocrx_word' id='word_1_57' title='bbox 1192 1020 1284 1082; x_wconf 91' lang='lat' dir='ltr'><strong>adiici</strong></span> <span class='ocrx_word' id='word_1_58' title='bbox 1308 1032 1394 1099; x_wconf 90' lang='lat' dir='ltr'><strong>peto.</strong></span> <span class='ocrx_word' id='word_1_59' title='bbox 1431 1019 1468 1081; x_wconf 95' lang='lat' dir='ltr'><strong>ld</strong></span> <span class='ocrx_word' id='word_1_60' title='bbox 1490 1020 1517 1080; x_wconf 92' lang='lat' dir='ltr'><strong>si</strong></span> <span class='ocrx_word' id='word_1_61' title='bbox 1539 1022 1645 1100; x_wconf 51' lang='lat' dir='ltr'><strong>impe-f</strong></span> 
     </span>
     <span class='ocr_line' id='line_1_7' title="bbox 183 1122 1636 1205; baseline -0.003 -17"><span class='ocrx_word' id='word_1_62' title='bbox 183 1139 314 1199; x_wconf 80' lang='lat' dir='ltr'><strong>navem,</strong></span> <span class='ocrx_word' id='word_1_63' title='bbox 345 1128 542 1189; x_wconf 77' lang='lat' dir='ltr'><strong>satisfactum</strong></span> <span class='ocrx_word' id='word_1_64' title='bbox 574 1127 648 1188; x_wconf 89' lang='lat' dir='ltr'><strong>mihi</strong></span> <span class='ocrx_word' id='word_1_65' title='bbox 679 1127 741 1188; x_wconf 91' lang='lat' dir='ltr'><strong>hoc</strong></span> <span class='ocrx_word' id='word_1_66' title='bbox 771 1139 916 1205; x_wconf 88' lang='lat' dir='ltr'><strong>tempore</strong></span> <span class='ocrx_word' id='word_1_67' title='bbox 947 1128 1012 1198; x_wconf 84' lang='lat' dir='ltr'><strong>erit,</strong></span> <span class='ocrx_word' id='word_1_68' title='bbox 1042 1138 1073 1187; x_wconf 90' lang='lat' dir='ltr'><strong>et</strong></span> <span class='ocrx_word' id='word_1_69' title='bbox 1102 1127 1196 1187; x_wconf 91' lang='lat' dir='ltr'><strong>rebus</strong></span> <span class='ocrx_word' id='word_1_70' title='bbox 1229 1125 1309 1197; x_wconf 80' lang='lat' dir='ltr'><strong>meis</strong></span> <span class='ocrx_word' id='word_1_71' title='bbox 1330 1145 1349 1185; x_wconf 92' lang='lat' dir='ltr'><strong>a</strong></span> <span class='ocrx_word' id='word_1_72' title='bbox 1373 1123 1544 1186; x_wconf 86' lang='lat' dir='ltr'><strong>Maiestate</strong></span> <span class='ocrx_word' id='word_1_73' title='bbox 1565 1122 1636 1185; x_wconf 91' lang='lat' dir='ltr'><strong>Tua</strong></span> 
     </span>
     <span class='ocr_line' id='line_1_8' title="bbox 185 1227 1636 1309; baseline -0.003 -17"><span class='ocrx_word' id='word_1_74' title='bbox 185 1232 306 1309; x_wconf 92' lang='lat' dir='ltr'><strong>optime</strong></span> <span class='ocrx_word' id='word_1_75' title='bbox 330 1232 493 1308; x_wconf 89' lang='lat' dir='ltr'><strong>provisum</strong></span> <span class='ocrx_word' id='word_1_76' title='bbox 517 1231 703 1292; x_wconf 88' lang='lat' dir='ltr'><strong>arbitrabor.</strong></span> <span class='ocrx_word' id='word_1_77' title='bbox 727 1228 781 1292; x_wconf 88' lang='lat' dir='ltr'><strong>Sin</strong></span> <span class='ocrx_word' id='word_1_78' title='bbox 799 1241 917 1304; x_wconf 87' lang='lat' dir='ltr'><strong>autem,</strong></span> <span class='ocrx_word' id='word_1_79' title='bbox 941 1248 1024 1309; x_wconf 90' lang='lat' dir='ltr'><strong>quae</strong></span> <span class='ocrx_word' id='word_1_80' title='bbox 1043 1241 1132 1308; x_wconf 91' lang='lat' dir='ltr'><strong>opto,</strong></span> <span class='ocrx_word' id='word_1_81' title='bbox 1156 1230 1276 1290; x_wconf 91' lang='lat' dir='ltr'><strong>maiora</strong></span> <span class='ocrx_word' id='word_1_82' title='bbox 1293 1237 1376 1294; x_wconf 76' lang='lat' dir='ltr'><strong>sunt,</strong></span> <span class='ocrx_word' id='word_1_83' title='bbox 1399 1247 1500 1308; x_wconf 89' lang='lat' dir='ltr'><strong>quam</strong></span> <span class='ocrx_word' id='word_1_84' title='bbox 1515 1227 1636 1290; x_wconf 88' lang='lat' dir='ltr'><strong>admitti</strong></span> 
     </span>
     <span class='ocr_line' id='line_1_9' title="bbox 186 1332 1637 1414; baseline -0.004 -19"><span class='ocrx_word' id='word_1_85' title='bbox 186 1334 333 1407; x_wconf 88' lang='lat' dir='ltr'><strong>debcant,</strong></span> <span class='ocrx_word' id='word_1_86' title='bbox 356 1334 470 1395; x_wconf 78' lang='lat' dir='ltr'><strong>faciam</strong></span> <span class='ocrx_word' id='word_1_87' title='bbox 494 1352 706 1414; x_wconf 88' lang='lat' dir='ltr'><strong>quaecunque</strong></span> <span class='ocrx_word' id='word_1_88' title='bbox 729 1333 880 1395; x_wconf 90' lang='lat' dir='ltr'><strong>dominus</strong></span> <span class='ocrx_word' id='word_1_89' title='bbox 903 1352 995 1395; x_wconf 89' lang='lat' dir='ltr'><strong>meus</strong></span> <span class='ocrx_word' id='word_1_90' title='bbox 1018 1332 1089 1394; x_wconf 81' lang='lat' dir='ltr'><strong>Rex</strong></span> <span class='ocrx_word' id='word_1_91' title='bbox 1113 1332 1241 1405; x_wconf 91' lang='lat' dir='ltr'><strong>iubebit,</strong></span> <span class='ocrx_word' id='word_1_92' title='bbox 1272 1333 1322 1394; x_wconf 90' lang='lat' dir='ltr'><strong>cui</strong></span> <span class='ocrx_word' id='word_1_93' title='bbox 1346 1350 1399 1393; x_wconf 91' lang='lat' dir='ltr'><strong>me</strong></span> <span class='ocrx_word' id='word_1_94' title='bbox 1422 1342 1527 1393; x_wconf 92' lang='lat' dir='ltr'><strong>totum</strong></span> <span class='ocrx_word' id='word_1_95' title='bbox 1551 1349 1637 1391; x_wconf 88' lang='lat' dir='ltr'><strong>com·</strong></span> 
     </span>
     <span class='ocr_line' id='line_1_10' title="bbox 188 1436 988 1517; baseline -0.001 -19"><span class='ocrx_word' id='word_1_96' title='bbox 188 1438 306 1499; x_wconf 88' lang='lat' dir='ltr'><strong>mendo</strong></span> <span class='ocrx_word' id='word_1_97' title='bbox 329 1449 426 1517; x_wconf 87' lang='lat' dir='ltr'><strong>atque</strong></span> <span class='ocrx_word' id='word_1_98' title='bbox 449 1437 542 1500; x_wconf 91' lang='lat' dir='ltr'><strong>dedo.</strong></span> <span class='ocrx_word' id='word_1_99' title='bbox 568 1437 655 1499; x_wconf 85' lang='lat' dir='ltr'><strong>Vale.</strong></span> <span class='ocrx_word' id='word_1_100' title='bbox 680 1436 878 1515; x_wconf 87' lang='lat' dir='ltr'><strong>Septembris</strong></span> <span class='ocrx_word' id='word_1_101' title='bbox 901 1437 988 1498; x_wconf 90' lang='lat' dir='ltr'><strong>XVl.</strong></span> 
     </span>
    </p>
   </div>
   <div class='ocr_carea' id='block_1_3' title="bbox 825 1769 936 1827">
    <p class='ocr_par' dir='ltr' id='par_1_3' title="bbox 825 1769 936 1827">
     <span class='ocr_line' id='line_1_11' title="bbox 825 1769 936 1827; baseline 0.027 -4"><span class='ocrx_word' id='word_1_102' title='bbox 825 1818 829 1823; x_wconf 88' lang='lat'><strong>.</strong></span> <span class='ocrx_word' id='word_1_103' title='bbox 887 1769 936 1827; x_wconf 68' lang='lat' dir='ltr'><strong>titt.</strong></span> 
     </span>
    </p>
   </div>
   <div class='ocr_carea' id='block_1_4' title="bbox 562 1899 1269 2016">
    <p class='ocr_par' dir='ltr' id='par_1_4' title="bbox 562 1899 1269 2016">
     <span class='ocr_line' id='line_1_12' title="bbox 562 1899 1269 2016; baseline -0.003 -20"><span class='ocrx_word' id='word_1_104' title='bbox 562 1922 780 1996; x_wconf 89' lang='lat' dir='ltr'><strong>Bohuslav</strong></span> <span class='ocrx_word' id='word_1_105' title='bbox 803 1921 955 2016; x_wconf 87' lang='lat' dir='ltr'><strong>Janovi</strong></span> <span class='ocrx_word' id='word_1_106' title='bbox 984 1899 1269 1995; x_wconf 71' lang='lat' dir='ltr'><strong>zSelnberka.</strong></span> 
     </span>
    </p>
   </div>
   <div class='ocr_carea' id='block_1_5' title="bbox 189 2108 1636 2268">
    <p class='ocr_par' dir='ltr' id='par_1_5' title="bbox 189 2108 1636 2268">
     <span class='ocr_line' id='line_1_13' title="bbox 275 2108 1636 2180; baseline -0.006 -13"><span class='ocrx_word' id='word_1_107' title='bbox 275 2112 405 2179; x_wconf 83' lang='grc'><strong>(1501)-</strong></span> <span class='ocrx_word' id='word_1_108' title='bbox 420 2113 457 2169; x_wconf 82' lang='grc'><strong>10.</strong></span> <span class='ocrx_word' id='word_1_109' title='bbox 475 2111 542 2168; x_wconf 61' lang='lat' dir='ltr'><strong>zell.</strong></span> <span class='ocrx_word' id='word_1_110' title='bbox 562 2110 668 2179; x_wconf 73' lang='lat' dir='ltr'><strong>Dekuje</strong></span> <span class='ocrx_word' id='word_1_111' title='bbox 687 2128 720 2164; x_wconf 91' lang='lat' dir='ltr'><strong>za</strong></span> <span class='ocrx_word' id='word_1_112' title='bbox 738 2111 851 2180; x_wconf 65' lang='lat' dir='ltr'><strong>zdsluhy</strong></span> <span class='ocrx_word' id='word_1_113' title='bbox 868 2110 935 2178; x_wconf 86' lang='lat' dir='ltr'><strong>jeho</strong></span> <span class='ocrx_word' id='word_1_114' title='bbox 953 2128 970 2163; x_wconf 94' lang='lat' dir='ltr'><strong>o</strong></span> <span class='ocrx_word' id='word_1_115' title='bbox 983 2111 1032 2163; x_wconf 75' lang='lat' dir='ltr'><strong>sve</strong></span> <span class='ocrx_word' id='word_1_116' title='bbox 1050 2110 1193 2180; x_wconf 67' lang='lat' dir='ltr'><strong>povylenl,</strong></span> <span class='ocrx_word' id='word_1_117' title='bbox 1212 2109 1255 2164; x_wconf 84' lang='lat' dir='ltr'><strong>ale</strong></span> <span class='ocrx_word' id='word_1_118' title='bbox 1273 2109 1351 2172; x_wconf 65' lang='lat' dir='ltr'><strong>iddd,</strong></span> <span class='ocrx_word' id='word_1_119' title='bbox 1370 2108 1473 2163; x_wconf 91' lang='lat' dir='ltr'><strong>bude-li</strong></span> <span class='ocrx_word' id='word_1_120' title='bbox 1493 2109 1636 2163; x_wconf 71' lang='lat' dir='ltr'><strong>meinaize</strong></span> 
     </span>
     <span class='ocr_line' id='line_1_14' title="bbox 189 2196 1163 2268; baseline -0.002 -17"><span class='ocrx_word' id='word_1_121' title='bbox 189 2200 284 2253; x_wconf 70' lang='lat' dir='ltr'><strong>slulne</strong></span> <span class='ocrx_word' id='word_1_122' title='bbox 303 2200 378 2268; x_wconf 74' lang='lat' dir='ltr'><strong>vysltl</strong></span> <span class='ocrx_word' id='word_1_123' title='bbox 397 2198 477 2251; x_wconf 76' lang='lat' dir='ltr'><strong>hlede</strong></span> <span class='ocrx_word' id='word_1_124' title='bbox 497 2199 513 2250; x_wconf 88' lang='lat' dir='ltr'>k</span> <span class='ocrx_word' id='word_1_125' title='bbox 533 2198 612 2266; x_wconf 67' lang='lat' dir='ltr'><strong>svpm</strong></span> <span class='ocrx_word' id='word_1_126' title='bbox 632 2197 776 2266; x_wconf 74' lang='lat' dir='ltr'><strong>potlebttm</strong></span> <span class='ocrx_word' id='word_1_127' title='bbox 796 2214 813 2250; x_wconf 82' lang='lat' dir='ltr'><strong>e</strong></span> <span class='ocrx_word' id='word_1_128' title='bbox 831 2198 971 2265; x_wconf 66' lang='lat' dir='ltr'><strong>vylohdm.</strong></span> <span class='ocrx_word' id='word_1_129' title='bbox 990 2198 1070 2261; x_wconf 75' lang='lat' dir='ltr'><strong>(Luc.</strong></span> <span class='ocrx_word' id='word_1_130' title='bbox 1088 2196 1163 2265; x_wconf 66' lang='lat' dir='ltr'><strong>tint.)</strong></span> 
     </span>
    </p>
   </div>
   <div class='ocr_carea' id='block_1_6' title="bbox 189 2388 1638 3614">
    <p class='ocr_par' dir='ltr' id='par_1_6' title="bbox 189 2388 1638 3614">
     <span class='ocr_line' id='line_1_15' title="bbox 275 2388 1638 2473; baseline -0.001 -22"><span class='ocrx_word' id='word_1_131' title='bbox 275 2392 387 2472; x_wconf 87' lang='lat' dir='ltr'><strong>Joanni</strong></span> <span class='ocrx_word' id='word_1_132' title='bbox 405 2390 608 2473; x_wconf 79' lang='lat' dir='ltr'><strong>Sselnbergio</strong></span> <span class='ocrx_word' id='word_1_133' title='bbox 631 2391 816 2453; x_wconf 89' lang='lat' dir='ltr'><strong>cancellario</strong></span> <span class='ocrx_word' id='word_1_134' title='bbox 840 2412 863 2454; x_wconf 87' lang='lat' dir='ltr'><strong>r.</strong></span> <span class='ocrx_word' id='word_1_135' title='bbox 881 2391 959 2453; x_wconf 82' lang='lat' dir='ltr'><strong>Boii.</strong></span> <span class='ocrx_word' id='word_1_136' title='bbox 983 2411 1043 2471; x_wconf 93' lang='lat' dir='ltr'><strong>s.p</strong></span> <span class='ocrx_word' id='word_1_137' title='bbox 1068 2390 1097 2451; x_wconf 93' lang='lat' dir='ltr'><strong>d.</strong></span> <span class='ocrx_word' id='word_1_138' title='bbox 1121 2389 1214 2469; x_wconf 84' lang='lat' dir='ltr'><strong>Quae</strong></span> <span class='ocrx_word' id='word_1_139' title='bbox 1234 2407 1361 2452; x_wconf 90' lang='lat' dir='ltr'><strong>mecum</strong></span> <span class='ocrx_word' id='word_1_140' title='bbox 1378 2388 1499 2473; x_wconf 86' lang='lat' dir='ltr'><strong>Pragae</strong></span> <span class='ocrx_word' id='word_1_141' title='bbox 1515 2392 1638 2451; x_wconf 90' lang='lat' dir='ltr'><strong>nomine</strong></span> 
     </span>
     <span class='ocr_line' id='line_1_16' title="bbox 190 2492 1638 2577; baseline -0.003 -21"><span class='ocrx_word' id='word_1_142' title='bbox 190 2498 277 2577; x_wconf 85' lang='lat' dir='ltr'><strong>regio</strong></span> <span class='ocrx_word' id='word_1_143' title='bbox 290 2495 416 2557; x_wconf 88' lang='lat' dir='ltr'><strong>locutus</strong></span> <span class='ocrx_word' id='word_1_144' title='bbox 427 2515 469 2568; x_wconf 90' lang='lat' dir='ltr'><strong>es,</strong></span> <span class='ocrx_word' id='word_1_145' title='bbox 482 2516 520 2556; x_wconf 86' lang='lat' dir='ltr'><strong>ea</strong></span> <span class='ocrx_word' id='word_1_146' title='bbox 532 2495 687 2570; x_wconf 78' lang='lat' dir='ltr'><strong>intellexi,</strong></span> <span class='ocrx_word' id='word_1_147' title='bbox 703 2494 760 2556; x_wconf 93' lang='lat' dir='ltr'><strong>sed</strong></span> <span class='ocrx_word' id='word_1_148' title='bbox 772 2496 925 2575; x_wconf 92' lang='lat' dir='ltr'><strong>quoniam</strong></span> <span class='ocrx_word' id='word_1_149' title='bbox 938 2514 1022 2556; x_wconf 90' lang='lat' dir='ltr'><strong>nova</strong></span> <span class='ocrx_word' id='word_1_150' title='bbox 1035 2497 1258 2574; x_wconf 87' lang='lat' dir='ltr'><strong>insperataque</strong></span> <span class='ocrx_word' id='word_1_151' title='bbox 1271 2492 1347 2553; x_wconf 89' lang='lat' dir='ltr'><strong>mihi</strong></span> <span class='ocrx_word' id='word_1_152' title='bbox 1362 2503 1461 2567; x_wconf 89' lang='lat' dir='ltr'><strong>erant,</strong></span> <span class='ocrx_word' id='word_1_153' title='bbox 1473 2511 1540 2555; x_wconf 92' lang='lat' dir='ltr'><strong>uon</strong></span> <span class='ocrx_word' id='word_1_154' title='bbox 1556 2493 1638 2571; x_wconf 90' lang='lat' dir='ltr'><strong>potui</strong></span> 
     </span>
     <span class='ocr_line' id='line_1_17' title="bbox 191 2596 1637 2678; baseline -0.002 -18"><span class='ocrx_word' id='word_1_155' title='bbox 191 2603 296 2676; x_wconf 78' lang='lat' dir='ltr'><strong>tum*)</strong></span> <span class='ocrx_word' id='word_1_156' title='bbox 319 2598 492 2661; x_wconf 90' lang='lat' dir='ltr'><strong>commode</strong></span> <span class='ocrx_word' id='word_1_157' title='bbox 515 2599 718 2678; x_wconf 84' lang='lat' dir='ltr'><strong>respondere.</strong></span> <span class='ocrx_word' id='word_1_158' title='bbox 743 2597 837 2660; x_wconf 92' lang='lat' dir='ltr'><strong>Nunc</strong></span> <span class='ocrx_word' id='word_1_159' title='bbox 860 2609 969 2660; x_wconf 89' lang='lat' dir='ltr'><strong>autem</strong></span> <span class='ocrx_word' id='word_1_160' title='bbox 992 2600 1110 2677; x_wconf 86' lang='lat' dir='ltr'><strong>accipe,</strong></span> <span class='ocrx_word' id='word_1_161' title='bbox 1134 2597 1211 2677; x_wconf 90' lang='lat' dir='ltr'><strong>quid</strong></span> <span class='ocrx_word' id='word_1_162' title='bbox 1227 2599 1372 2659; x_wconf 83' lang='lat' dir='ltr'><strong>sentiam.</strong></span> <span class='ocrx_word' id='word_1_163' title='bbox 1396 2596 1557 2658; x_wconf 86' lang='lat' dir='ltr'><strong>Probatur</strong></span> <span class='ocrx_word' id='word_1_164' title='bbox 1571 2596 1637 2657; x_wconf 91' lang='lat' dir='ltr'><strong>mihi</strong></span> 
     </span>
     <span class='ocr_line' id='line_1_18' title="bbox 191 2702 1637 2785; baseline -0.003 -21"><span class='ocrx_word' id='word_1_165' title='bbox 191 2722 395 2785; x_wconf 80' lang='lat' dir='ltr'><strong>magnopere.</strong></span> <span class='ocrx_word' id='word_1_166' title='bbox 419 2702 508 2783; x_wconf 93' lang='lat' dir='ltr'><strong>quod</strong></span> <span class='ocrx_word' id='word_1_167' title='bbox 531 2702 573 2764; x_wconf 91' lang='lat' dir='ltr'><strong>ad</strong></span> <span class='ocrx_word' id='word_1_168' title='bbox 597 2702 627 2763; x_wconf 89' lang='lat' dir='ltr'><strong>id</strong></span> <span class='ocrx_word' id='word_1_169' title='bbox 652 2721 817 2781; x_wconf 89' lang='lat' dir='ltr'><strong>provocor,</strong></span> <span class='ocrx_word' id='word_1_170' title='bbox 841 2703 931 2782; x_wconf 91' lang='lat' dir='ltr'><strong>quod</strong></span> <span class='ocrx_word' id='word_1_171' title='bbox 954 2704 1070 2763; x_wconf 87' lang='lat' dir='ltr'><strong>caeteri</strong></span> <span class='ocrx_word' id='word_1_172' title='bbox 1093 2704 1247 2776; x_wconf 88' lang='lat' dir='ltr'><strong>ambiunt,</strong></span> <span class='ocrx_word' id='word_1_173' title='bbox 1271 2702 1427 2779; x_wconf 86' lang='lat' dir='ltr'><strong>probatur</strong></span> <span class='ocrx_word' id='word_1_174' title='bbox 1450 2703 1528 2762; x_wconf 89' lang='lat' dir='ltr'><strong>item</strong></span> <span class='ocrx_word' id='word_1_175' title='bbox 1551 2703 1637 2761; x_wconf 77' lang='lat' dir='ltr'><strong>bene</strong></span> 
     </span>
     <span class='ocr_line' id='line_1_19' title="bbox 191 2805 1636 2886; baseline -0.003 -18"><span class='ocrx_word' id='word_1_176' title='bbox 191 2807 327 2868; x_wconf 89' lang='lat' dir='ltr'><strong>volentia</strong></span> <span class='ocrx_word' id='word_1_177' title='bbox 349 2818 404 2868; x_wconf 89' lang='lat' dir='ltr'><strong>tua</strong></span> <span class='ocrx_word' id='word_1_178' title='bbox 427 2817 458 2867; x_wconf 92' lang='lat' dir='ltr'><strong>et</strong></span> <span class='ocrx_word' id='word_1_179' title='bbox 482 2806 632 2879; x_wconf 88' lang='lat' dir='ltr'><strong>studium,</strong></span> <span class='ocrx_word' id='word_1_180' title='bbox 655 2825 721 2886; x_wconf 91' lang='lat' dir='ltr'><strong>quo</strong></span> <span class='ocrx_word' id='word_1_181' title='bbox 745 2808 776 2867; x_wconf 92' lang='lat' dir='ltr'><strong>in</strong></span> <span class='ocrx_word' id='word_1_182' title='bbox 801 2826 853 2867; x_wconf 93' lang='lat' dir='ltr'><strong>me</strong></span> <span class='ocrx_word' id='word_1_183' title='bbox 875 2806 1023 2868; x_wconf 88' lang='lat' dir='ltr'><strong>ornando</strong></span> <span class='ocrx_word' id='word_1_184' title='bbox 1046 2805 1299 2884; x_wconf 84' lang='lat' dir='ltr'><strong>extollendoque</strong></span> <span class='ocrx_word' id='word_1_185' title='bbox 1322 2823 1399 2866; x_wconf 89' lang='lat' dir='ltr'><strong>usus</strong></span> <span class='ocrx_word' id='word_1_186' title='bbox 1414 2824 1450 2866; x_wconf 90' lang='lat' dir='ltr'><strong>es</strong></span> <span class='ocrx_word' id='word_1_187' title='bbox 1466 2806 1636 2884; x_wconf 88' lang='lat' dir='ltr'><strong>uterisque:</strong></span> 
     </span>
     <span class='ocr_line' id='line_1_20' title="bbox 190 2908 1635 2991; baseline -0.003 -20"><span class='ocrx_word' id='word_1_188' title='bbox 190 2913 288 2989; x_wconf 92' lang='lat' dir='ltr'><strong>stipes</strong></span> <span class='ocrx_word' id='word_1_189' title='bbox 311 2921 417 2970; x_wconf 87' lang='lat' dir='ltr'><strong>tamen</strong></span> <span class='ocrx_word' id='word_1_190' title='bbox 442 2912 510 2987; x_wconf 88' lang='lat' dir='ltr'><strong>ipsa</strong></span> <span class='ocrx_word' id='word_1_191' title='bbox 533 2908 669 2991; x_wconf 81' lang='lat' dir='ltr'><strong>vulgaris</strong></span> <span class='ocrx_word' id='word_1_192' title='bbox 691 2922 739 2971; x_wconf 89' lang='lat' dir='ltr'><strong>est</strong></span> <span class='ocrx_word' id='word_1_193' title='bbox 763 2911 940 2990; x_wconf 87' lang='lat' dir='ltr'><strong>minorque,</strong></span> <span class='ocrx_word' id='word_1_194' title='bbox 963 2929 1060 2990; x_wconf 85' lang='lat' dir='ltr'><strong>quam</strong></span> <span class='ocrx_word' id='word_1_195' title='bbox 1081 2910 1263 2988; x_wconf 87' lang='lat' dir='ltr'><strong>sumptibus</strong></span> <span class='ocrx_word' id='word_1_196' title='bbox 1280 2910 1358 2971; x_wconf 91' lang='lat' dir='ltr'><strong>meis</strong></span> <span class='ocrx_word' id='word_1_197' title='bbox 1373 2908 1521 2970; x_wconf 85' lang='lat' dir='ltr'><strong>sulficere</strong></span> <span class='ocrx_word' id='word_1_198' title='bbox 1537 2909 1635 2988; x_wconf 87' lang='lat' dir='ltr'><strong>possit.</strong></span> 
     </span>
     <span class='ocr_line' id='line_1_21' title="bbox 191 3013 1635 3093; baseline -0.004 -16"><span class='ocrx_word' id='word_1_199' title='bbox 191 3013 319 3077; x_wconf 92' lang='lat' dir='ltr'><strong>Nollem</strong></span> <span class='ocrx_word' id='word_1_200' title='bbox 349 3013 479 3093; x_wconf 90' lang='lat' dir='ltr'><strong>quidem</strong></span> <span class='ocrx_word' id='word_1_201' title='bbox 510 3013 677 3075; x_wconf 90' lang='lat' dir='ltr'><strong>vendicare</strong></span> <span class='ocrx_word' id='word_1_202' title='bbox 707 3013 782 3074; x_wconf 92' lang='lat' dir='ltr'><strong>mihi</strong></span> <span class='ocrx_word' id='word_1_203' title='bbox 810 3013 852 3085; x_wconf 91' lang='lat' dir='ltr'><strong>id,</strong></span> <span class='ocrx_word' id='word_1_204' title='bbox 883 3013 972 3093; x_wconf 92' lang='lat' dir='ltr'><strong>quod</strong></span> <span class='ocrx_word' id='word_1_205' title='bbox 1002 3033 1069 3076; x_wconf 92' lang='lat' dir='ltr'><strong>non</strong></span> <span class='ocrx_word' id='word_1_206' title='bbox 1100 3016 1207 3086; x_wconf 90' lang='lat' dir='ltr'><strong>merui,</strong></span> <span class='ocrx_word' id='word_1_207' title='bbox 1238 3023 1293 3075; x_wconf 85' lang='lat' dir='ltr'><strong>aut</strong></span> <span class='ocrx_word' id='word_1_208' title='bbox 1323 3014 1492 3092; x_wconf 89' lang='lat' dir='ltr'><strong>quippiam</strong></span> <span class='ocrx_word' id='word_1_209' title='bbox 1523 3023 1635 3093; x_wconf 86' lang='lat' dir='ltr'><strong>praeter</strong></span> 
     </span>
     <span class='ocr_line' id='line_1_22' title="bbox 189 3114 1633 3200; baseline -0.003 -21"><span class='ocrx_word' id='word_1_210' title='bbox 189 3136 329 3198; x_wconf 83' lang='lat' dir='ltr'><strong>aequum</strong></span> <span class='ocrx_word' id='word_1_211' title='bbox 353 3129 471 3197; x_wconf 88' lang='lat' dir='ltr'><strong>optare.</strong></span> <span class='ocrx_word' id='word_1_212' title='bbox 495 3114 665 3179; x_wconf 83' lang='lat' dir='ltr'><strong>Caeterum</strong></span> <span class='ocrx_word' id='word_1_213' title='bbox 689 3130 722 3178; x_wconf 91' lang='lat' dir='ltr'><strong>ut</strong></span> <span class='ocrx_word' id='word_1_214' title='bbox 747 3137 854 3178; x_wconf 88' lang='lat' dir='ltr'><strong>meum</strong></span> <span class='ocrx_word' id='word_1_215' title='bbox 886 3130 933 3180; x_wconf 89' lang='lat' dir='ltr'><strong>est</strong></span> <span class='ocrx_word' id='word_1_216' title='bbox 964 3136 1083 3197; x_wconf 89' lang='lat' dir='ltr'><strong>parere,</strong></span> <span class='ocrx_word' id='word_1_217' title='bbox 1114 3120 1157 3178; x_wconf 91' lang='lat' dir='ltr'><strong>ita</strong></span> <span class='ocrx_word' id='word_1_218' title='bbox 1180 3118 1301 3200; x_wconf 84' lang='lat' dir='ltr'><strong>regium</strong></span> <span class='ocrx_word' id='word_1_219' title='bbox 1329 3116 1406 3178; x_wconf 90' lang='lat' dir='ltr'><strong>dare</strong></span> <span class='ocrx_word' id='word_1_220' title='bbox 1437 3136 1580 3196; x_wconf 87' lang='lat' dir='ltr'><strong>operam,</strong></span> <span class='ocrx_word' id='word_1_221' title='bbox 1606 3128 1633 3176; x_wconf 92' lang='lat' dir='ltr'><strong>ut</strong></span> 
     </span>
     <span class='ocr_line' id='line_1_23' title="bbox 191 3219 1632 3303; baseline -0.004 -19"><span class='ocrx_word' id='word_1_222' title='bbox 191 3240 264 3284; x_wconf 92' lang='lat' dir='ltr'><strong>cum</strong></span> <span class='ocrx_word' id='word_1_223' title='bbox 287 3222 439 3303; x_wconf 83' lang='lat' dir='ltr'><strong>dignitate</strong></span> <span class='ocrx_word' id='word_1_224' title='bbox 470 3224 501 3282; x_wconf 93' lang='lat' dir='ltr'><strong>in</strong></span> <span class='ocrx_word' id='word_1_225' title='bbox 524 3223 610 3283; x_wconf 88' lang='lat' dir='ltr'><strong>curia</strong></span> <span class='ocrx_word' id='word_1_226' title='bbox 633 3223 729 3283; x_wconf 90' lang='lat' dir='ltr'><strong>vitam</strong></span> <span class='ocrx_word' id='word_1_227' title='bbox 760 3222 876 3283; x_wconf 92' lang='lat' dir='ltr'><strong>ducere</strong></span> <span class='ocrx_word' id='word_1_228' title='bbox 900 3223 1029 3300; x_wconf 90' lang='lat' dir='ltr'><strong>possim.</strong></span> <span class='ocrx_word' id='word_1_229' title='bbox 1067 3219 1289 3301; x_wconf 86' lang='lat' dir='ltr'><strong>Quamobrem</strong></span> <span class='ocrx_word' id='word_1_230' title='bbox 1313 3240 1436 3300; x_wconf 85' lang='lat' dir='ltr'><strong>precor,</strong></span> <span class='ocrx_word' id='word_1_231' title='bbox 1467 3233 1503 3283; x_wconf 91' lang='lat' dir='ltr'><strong>ut</strong></span> <span class='ocrx_word' id='word_1_232' title='bbox 1532 3221 1577 3282; x_wconf 83' lang='lat' dir='ltr'><strong>tus</strong></span> <span class='ocrx_word' id='word_1_233' title='bbox 1597 3222 1632 3279; x_wconf 92' lang='lat' dir='ltr'><strong>in·</strong></span> 
     </span>
     <span class='ocr_line' id='line_1_24' title="bbox 191 3324 1630 3405; baseline -0.003 -19"><span class='ocrx_word' id='word_1_234' title='bbox 191 3326 372 3386; x_wconf 89' lang='lat' dir='ltr'><strong>commodis</strong></span> <span class='ocrx_word' id='word_1_235' title='bbox 396 3344 492 3404; x_wconf 89' lang='lat' dir='ltr'><strong>opem</strong></span> <span class='ocrx_word' id='word_1_236' title='bbox 516 3325 596 3387; x_wconf 82' lang='lat' dir='ltr'><strong>letas</strong></span> <span class='ocrx_word' id='word_1_237' title='bbox 619 3345 782 3405; x_wconf 82' lang='lat' dir='ltr'><strong>curesque,</strong></span> <span class='ocrx_word' id='word_1_238' title='bbox 813 3337 847 3387; x_wconf 92' lang='lat' dir='ltr'><strong>ut</strong></span> <span class='ocrx_word' id='word_1_239' title='bbox 877 3325 919 3386; x_wconf 82' lang='lat' dir='ltr'><strong>ad</strong></span> <span class='ocrx_word' id='word_1_240' title='bbox 951 3328 1089 3405; x_wconf 88' lang='lat' dir='ltr'><strong>priorem</strong></span> <span class='ocrx_word' id='word_1_241' title='bbox 1121 3343 1282 3386; x_wconf 90' lang='lat' dir='ltr'><strong>summam</strong></span> <span class='ocrx_word' id='word_1_242' title='bbox 1305 3325 1382 3387; x_wconf 86' lang='lat' dir='ltr'><strong>milti</strong></span> <span class='ocrx_word' id='word_1_243' title='bbox 1406 3324 1536 3388; x_wconf 92' lang='lat' dir='ltr'><strong>ducenti</strong></span> <span class='ocrx_word' id='word_1_244' title='bbox 1558 3324 1630 3385; x_wconf 82' lang='lat' dir='ltr'><strong>aurei</strong></span> 
     </span>
     <span class='ocr_line' id='line_1_25' title="bbox 192 3428 1629 3510; baseline -0.003 -20"><span class='ocrx_word' id='word_1_245' title='bbox 192 3429 411 3491; x_wconf 86' lang='lat' dir='ltr'><strong>decernantur.</strong></span> <span class='ocrx_word' id='word_1_246' title='bbox 450 3428 515 3492; x_wconf 88' lang='lat' dir='ltr'><strong>Erit</strong></span> <span class='ocrx_word' id='word_1_247' title='bbox 544 3429 673 3510; x_wconf 91' lang='lat' dir='ltr'><strong>quidem</strong></span> <span class='ocrx_word' id='word_1_248' title='bbox 698 3440 729 3490; x_wconf 90' lang='lat' dir='ltr'><strong>et</strong></span> <span class='ocrx_word' id='word_1_249' title='bbox 753 3430 784 3490; x_wconf 91' lang='lat' dir='ltr'><strong>id</strong></span> <span class='ocrx_word' id='word_1_250' title='bbox 808 3448 930 3507; x_wconf 75' lang='lat' dir='ltr'><strong>panim,</strong></span> <span class='ocrx_word' id='word_1_251' title='bbox 953 3431 977 3490; x_wconf 91' lang='lat' dir='ltr'><strong>si</strong></span> <span class='ocrx_word' id='word_1_252' title='bbox 1001 3429 1042 3490; x_wconf 90' lang='lat' dir='ltr'><strong>ad</strong></span> <span class='ocrx_word' id='word_1_253' title='bbox 1066 3449 1113 3503; x_wconf 86' lang='lat' dir='ltr'><strong>ea,</strong></span> <span class='ocrx_word' id='word_1_254' title='bbox 1137 3449 1220 3510; x_wconf 90' lang='lat' dir='ltr'><strong>quae</strong></span> <span class='ocrx_word' id='word_1_255' title='bbox 1243 3446 1445 3508; x_wconf 81' lang='lat' dir='ltr'><strong>expensurus</strong></span> <span class='ocrx_word' id='word_1_256' title='bbox 1468 3448 1548 3503; x_wconf 91' lang='lat' dir='ltr'><strong>sum,</strong></span> <span class='ocrx_word' id='word_1_257' title='bbox 1569 3445 1629 3487; x_wconf 89' lang='lat' dir='ltr'><strong>con·</strong></span> 
     </span>
     <span class='ocr_line' id='line_1_26' title="bbox 192 3532 1627 3614; baseline -0.002 -21"><span class='ocrx_word' id='word_1_258' title='bbox 192 3533 316 3606; x_wconf 86' lang='lat' dir='ltr'><strong>leretur,</strong></span> <span class='ocrx_word' id='word_1_259' title='bbox 350 3532 483 3595; x_wconf 81' lang='lat' dir='ltr'><strong>sufficiet</strong></span> <span class='ocrx_word' id='word_1_260' title='bbox 513 3545 620 3595; x_wconf 89' lang='lat' dir='ltr'><strong>tamen</strong></span> <span class='ocrx_word' id='word_1_261' title='bbox 653 3533 729 3595; x_wconf 90' lang='lat' dir='ltr'><strong>mihi</strong></span> <span class='ocrx_word' id='word_1_262' title='bbox 757 3535 992 3612; x_wconf 87' lang='lat' dir='ltr'><strong>impraesentia;</strong></span> <span class='ocrx_word' id='word_1_263' title='bbox 1029 3535 1218 3613; x_wconf 91' lang='lat' dir='ltr'><strong>interimque</strong></span> <span class='ocrx_word' id='word_1_264' title='bbox 1248 3533 1313 3593; x_wconf 90' lang='lat' dir='ltr'><strong>alar</strong></span> <span class='ocrx_word' id='word_1_265' title='bbox 1340 3550 1405 3613; x_wconf 86' lang='lat' dir='ltr'><strong>spe,</strong></span> <span class='ocrx_word' id='word_1_266' title='bbox 1439 3553 1524 3614; x_wconf 89' lang='lat' dir='ltr'><strong>quae</strong></span> <span class='ocrx_word' id='word_1_267' title='bbox 1545 3535 1567 3592; x_wconf 91' lang='lat' dir='ltr'><strong>si</strong></span> <span class='ocrx_word' id='word_1_268' title='bbox 1587 3549 1627 3592; x_wconf 84' lang='lat' dir='ltr'><strong>me</strong></span> 
     </span>
    </p>
   </div>
   <div class='ocr_carea' id='block_1_7' title="bbox 91 3635 1625 3712">
    <p class='ocr_par' dir='ltr' id='par_1_7' title="bbox 91 3635 1625 3712">
     <span class='ocr_line' id='line_1_27' title="bbox 91 3635 1625 3712; baseline -0.003 -14"><span class='ocrx_word' id='word_1_269' title='bbox 91 3637 95 3649; x_wconf 74' lang='lat'>²</span> <span class='ocrx_word' id='word_1_270' title='bbox 192 3636 284 3712; x_wconf 84' lang='lat' dir='ltr'><strong>sallet,</strong></span> <span class='ocrx_word' id='word_1_271' title='bbox 314 3636 487 3700; x_wconf 89' lang='lat' dir='ltr'><strong>iucundum</strong></span> <span class='ocrx_word' id='word_1_272' title='bbox 520 3650 627 3700; x_wconf 85' lang='lat' dir='ltr'><strong>tamen</strong></span> <span class='ocrx_word' id='word_1_273' title='bbox 659 3640 716 3699; x_wconf 89' lang='lat' dir='ltr'><strong>erit</strong></span> <span class='ocrx_word' id='word_1_274' title='bbox 740 3638 875 3699; x_wconf 87' lang='lat' dir='ltr'><strong>honesta</strong></span> <span class='ocrx_word' id='word_1_275' title='bbox 905 3636 1088 3698; x_wconf 88' lang='lat' dir='ltr'><strong>conditione</strong></span> <span class='ocrx_word' id='word_1_276' title='bbox 1118 3638 1149 3698; x_wconf 93' lang='lat' dir='ltr'><strong>in</strong></span> <span class='ocrx_word' id='word_1_277' title='bbox 1179 3655 1315 3698; x_wconf 91' lang='lat' dir='ltr'><strong>numero</strong></span> <span class='ocrx_word' id='word_1_278' title='bbox 1342 3635 1518 3698; x_wconf 89' lang='lat' dir='ltr'><strong>aulicorum</strong></span> <span class='ocrx_word' id='word_1_279' title='bbox 1541 3637 1625 3697; x_wconf 85' lang='lat' dir='ltr'><strong>fuisse.</strong></span> 
     </span>
    </p>
   </div>
   <div class='ocr_carea' id='block_1_8' title="bbox 193 3739 614 3820">
    <p class='ocr_par' dir='ltr' id='par_1_8' title="bbox 193 3739 614 3820">
     <span class='ocr_line' id='line_1_28' title="bbox 193 3739 614 3820; baseline 0 -17"><span class='ocrx_word' id='word_1_280' title='bbox 193 3741 284 3804; x_wconf 89' lang='lat' dir='ltr'><strong>Vale.</strong></span> <span class='ocrx_word' id='word_1_281' title='bbox 308 3739 506 3820; x_wconf 90' lang='lat' dir='ltr'><strong>Septembris</strong></span> <span class='ocrx_word' id='word_1_282' title='bbox 528 3740 614 3803; x_wconf 92' lang='lat' dir='ltr'><strong>XVl.</strong></span> 
     </span>
    </p>
   </div>
   <div class='ocr_carea' id='block_1_9' title="bbox 568 4056 1271 4282">
    <p class='ocr_par' dir='ltr' id='par_1_9' title="bbox 568 4056 1271 4282">
     <span class='ocr_line' id='line_1_29' title="bbox 891 4056 940 4113; baseline 0 0"><span class='ocrx_word' id='word_1_283' title='bbox 891 4056 940 4113; x_wconf 79' lang='lat' dir='ltr'><strong>tlt.</strong></span> 
     </span>
     <span class='ocr_line' id='line_1_30' title="bbox 568 4207 1271 4282; baseline -0.001 -1"><span class='ocrx_word' id='word_1_284' title='bbox 568 4207 787 4282; x_wconf 89' lang='lat' dir='ltr'><strong>Bohuslav</strong></span> <span class='ocrx_word' id='word_1_285' title='bbox 816 4208 1018 4281; x_wconf 89' lang='lat' dir='ltr'><strong>Konradu</strong></span> <span class='ocrx_word' id='word_1_286' title='bbox 1049 4207 1271 4282; x_wconf 83' lang='lat' dir='ltr'><strong>Celtesovi.</strong></span> 
     </span>
    </p>
   </div>
   <div class='ocr_carea' id='block_1_10' title="bbox 191 4392 1619 4551">
    <p class='ocr_par' dir='ltr' id='par_1_10' title="bbox 191 4392 1619 4551">
     <span class='ocr_line' id='line_1_31' title="bbox 280 4392 1619 4465; baseline -0.007 -14"><span class='ocrx_word' id='word_1_287' title='bbox 280 4397 364 4462; x_wconf 82' lang='grc'><strong>(11101)</strong></span> <span class='ocrx_word' id='word_1_288' title='bbox 380 4426 409 4433; x_wconf 90' lang='grc'>-</span> <span class='ocrx_word' id='word_1_289' title='bbox 424 4396 468 4452; x_wconf 81' lang='grc'><strong>20.</strong></span> <span class='ocrx_word' id='word_1_290' title='bbox 487 4395 553 4451; x_wconf 60' lang='lat' dir='ltr'><strong>zell.</strong></span> <span class='ocrx_word' id='word_1_291' title='bbox 574 4395 679 4463; x_wconf 76' lang='lat' dir='ltr'><strong>Dekuje</strong></span> <span class='ocrx_word' id='word_1_292' title='bbox 699 4413 731 4449; x_wconf 86' lang='lat' dir='ltr'><strong>za</strong></span> <span class='ocrx_word' id='word_1_293' title='bbox 750 4396 888 4464; x_wconf 72' lang='lat' dir='ltr'><strong>pratetstqt</strong></span> <span class='ocrx_word' id='word_1_294' title='bbox 908 4396 960 4458; x_wconf 86' lang='lat' dir='ltr'><strong>list,</strong></span> <span class='ocrx_word' id='word_1_295' title='bbox 981 4395 1062 4464; x_wconf 78' lang='lat' dir='ltr'><strong>jaltol</strong></span> <span class='ocrx_word' id='word_1_296' title='bbox 1081 4414 1114 4449; x_wconf 88' lang='lat' dir='ltr'><strong>za</strong></span> <span class='ocrx_word' id='word_1_297' title='bbox 1133 4397 1227 4465; x_wconf 80' lang='lat' dir='ltr'><strong>pilzeli</strong></span> <span class='ocrx_word' id='word_1_298' title='bbox 1247 4395 1315 4448; x_wconf 70' lang='lat' dir='ltr'><strong>sobe</strong></span> <span class='ocrx_word' id='word_1_299' title='bbox 1333 4396 1387 4449; x_wconf 89' lang='lat' dir='ltr'><strong>ode</strong></span> <span class='ocrx_word' id='word_1_300' title='bbox 1405 4397 1496 4448; x_wconf 70' lang='lat' dir='ltr'><strong>ddvna</strong></span> <span class='ocrx_word' id='word_1_301' title='bbox 1514 4392 1619 4447; x_wconf 80' lang='lat' dir='ltr'><strong>osvtdto</strong></span> 
     </span>
     <span class='ocr_line' id='line_1_32' title="bbox 191 4479 1619 4551; baseline -0.002 -17"><span class='ocrx_word' id='word_1_302' title='bbox 191 4499 292 4534; x_wconf 82' lang='lat' dir='ltr'><strong>vanou.</strong></span> <span class='ocrx_word' id='word_1_303' title='bbox 311 4482 407 4534; x_wconf 73' lang='lat' dir='ltr'><strong>chvttt</strong></span> <span class='ocrx_word' id='word_1_304' title='bbox 427 4482 630 4535; x_wconf 76' lang='lat' dir='ltr'><strong>humanisrickt</strong></span> <span class='ocrx_word' id='word_1_305' title='bbox 650 4484 738 4550; x_wconf 88' lang='lat' dir='ltr'><strong>snahy</strong></span> <span class='ocrx_word' id='word_1_306' title='bbox 758 4484 925 4551; x_wconf 87' lang='lat' dir='ltr'><strong>Konradovy</strong></span> <span class='ocrx_word' id='word_1_307' title='bbox 944 4501 960 4535; x_wconf 91' lang='lat' dir='ltr'><strong>a</strong></span> <span class='ocrx_word' id='word_1_308' title='bbox 979 4484 1032 4536; x_wconf 67' lang='lat' dir='ltr'><strong>tent</strong></span> <span class='ocrx_word' id='word_1_309' title='bbox 1051 4501 1081 4536; x_wconf 87' lang='lat' dir='ltr'><strong>se</strong></span> <span class='ocrx_word' id='word_1_310' title='bbox 1101 4501 1137 4535; x_wconf 87' lang='lat' dir='ltr'><strong>na</strong></span> <span class='ocrx_word' id='word_1_311' title='bbox 1156 4483 1283 4536; x_wconf 87' lang='lat' dir='ltr'><strong>slibenou</strong></span> <span class='ocrx_word' id='word_1_312' title='bbox 1303 4481 1371 4535; x_wconf 77' lang='lat' dir='ltr'><strong>sobe</strong></span> <span class='ocrx_word' id='word_1_313' title='bbox 1393 4484 1534 4535; x_wconf 72' lang='lat' dir='ltr'><strong>ndvstetu.</strong></span> <span class='ocrx_word' id='word_1_314' title='bbox 1550 4479 1619 4545; x_wconf 78' lang='lat' dir='ltr'><strong>Odp</strong></span> 
     </span>
    </p>
   </div>
   <div class='ocr_carea' id='block_1_11' title="bbox 192 4561 1620 4722">
    <p class='ocr_par' dir='ltr' id='par_1_11' title="bbox 192 4561 1620 4722">
     <span class='ocr_line' id='line_1_33' title="bbox 192 4561 1620 4639; baseline -0.004 -18"><span class='ocrx_word' id='word_1_315' title='bbox 192 4570 333 4621; x_wconf 73' lang='lat' dir='ltr'><strong>rudeneho</strong></span> <span class='ocrx_word' id='word_1_316' title='bbox 352 4569 539 4622; x_wconf 88' lang='lat' dir='ltr'><strong>Pirkbeimera</strong></span> <span class='ocrx_word' id='word_1_317' title='bbox 559 4569 629 4621; x_wconf 91' lang='lat' dir='ltr'><strong>mezi</strong></span> <span class='ocrx_word' id='word_1_318' title='bbox 648 4570 754 4637; x_wconf 73' lang='lat' dir='ltr'><strong>plately</strong></span> <span class='ocrx_word' id='word_1_319' title='bbox 773 4571 821 4621; x_wconf 71' lang='lat' dir='ltr'><strong>sve</strong></span> <span class='ocrx_word' id='word_1_320' title='bbox 841 4570 888 4622; x_wconf 79' lang='lat' dir='ltr'><strong>rad</strong></span> <span class='ocrx_word' id='word_1_321' title='bbox 909 4569 1024 4637; x_wconf 71' lang='lat' dir='ltr'><strong>prijtma,</strong></span> <span class='ocrx_word' id='word_1_322' title='bbox 1044 4588 1061 4622; x_wconf 90' lang='lat' dir='ltr'><strong>a</strong></span> <span class='ocrx_word' id='word_1_323' title='bbox 1078 4568 1243 4638; x_wconf 85' lang='lat' dir='ltr'><strong>pozdravuje</strong></span> <span class='ocrx_word' id='word_1_324' title='bbox 1269 4569 1431 4639; x_wconf 85' lang='lat' dir='ltr'><strong>humanisty</strong></span> <span class='ocrx_word' id='word_1_325' title='bbox 1452 4561 1620 4622; x_wconf 74' lang='lat' dir='ltr'><strong>Normbetsll·</strong></span> 
     </span>
     <span class='ocr_line' id='line_1_34' title="bbox 192 4656 365 4722; baseline 0.006 -16"><span class='ocrx_word' id='word_1_326' title='bbox 192 4656 271 4721; x_wconf 92' lang='lat' dir='ltr'><strong>(Luc.</strong></span> <span class='ocrx_word' id='word_1_327' title='bbox 290 4656 365 4722; x_wconf 66' lang='lat' dir='ltr'><strong>sto.)</strong></span> 
     </span>
    </p>
   </div>
   <div class='ocr_carea' id='block_1_12' title="bbox 194 4831 1627 5123">
    <p class='ocr_par' dir='ltr' id='par_1_12' title="bbox 194 4831 1627 5123">
     <span class='ocr_line' id='line_1_35' title="bbox 279 4831 1622 4912; baseline -0.001 -18"><span class='ocrx_word' id='word_1_328' title='bbox 279 4832 346 4894; x_wconf 94' lang='lat' dir='ltr'><strong>Suo</strong></span> <span class='ocrx_word' id='word_1_329' title='bbox 377 4831 529 4894; x_wconf 83' lang='lat' dir='ltr'><strong>Conrado</strong></span> <span class='ocrx_word' id='word_1_330' title='bbox 560 4832 685 4895; x_wconf 83' lang='lat' dir='ltr'><strong>Celtis.</strong></span> <span class='ocrx_word' id='word_1_331' title='bbox 711 4853 739 4912; x_wconf 91' lang='lat' dir='ltr'><strong>p.</strong></span> <span class='ocrx_word' id='word_1_332' title='bbox 764 4833 793 4894; x_wconf 95' lang='lat' dir='ltr'><strong>d.</strong></span> <span class='ocrx_word' id='word_1_333' title='bbox 832 4833 990 4896; x_wconf 86' lang='lat' dir='ltr'><strong>Redditae</strong></span> <span class='ocrx_word' id='word_1_334' title='bbox 1023 4847 1096 4895; x_wconf 90' lang='lat' dir='ltr'><strong>sunt</strong></span> <span class='ocrx_word' id='word_1_335' title='bbox 1128 4833 1202 4894; x_wconf 92' lang='lat' dir='ltr'><strong>mihi</strong></span> <span class='ocrx_word' id='word_1_336' title='bbox 1234 4832 1365 4896; x_wconf 89' lang='lat' dir='ltr'><strong>tandem</strong></span> <span class='ocrx_word' id='word_1_337' title='bbox 1394 4834 1501 4895; x_wconf 87' lang='lat' dir='ltr'><strong>literae</strong></span> <span class='ocrx_word' id='word_1_338' title='bbox 1523 4832 1576 4892; x_wconf 92' lang='lat' dir='ltr'><strong>abs</strong></span> <span class='ocrx_word' id='word_1_339' title='bbox 1594 4840 1622 4893; x_wconf 63' lang='lat' dir='ltr'><strong>tu</strong></span> 
     </span>
     <span class='ocr_line' id='line_1_36' title="bbox 194 4934 1624 5018; baseline -0.004 -20"><span class='ocrx_word' id='word_1_340' title='bbox 194 4934 351 5009; x_wconf 79' lang='lat' dir='ltr'><strong>Conrado,</strong></span> <span class='ocrx_word' id='word_1_341' title='bbox 374 4956 438 4998; x_wconf 91' lang='lat' dir='ltr'><strong>non</strong></span> <span class='ocrx_word' id='word_1_342' title='bbox 463 4937 567 4999; x_wconf 84' lang='lat' dir='ltr'><strong>solum</strong></span> <span class='ocrx_word' id='word_1_343' title='bbox 592 4937 754 5017; x_wconf 75' lang='lat' dir='ltr'><strong>elegantes</strong></span> <span class='ocrx_word' id='word_1_344' title='bbox 777 4938 833 4998; x_wconf 91' lang='lat' dir='ltr'><strong>sed</strong></span> <span class='ocrx_word' id='word_1_345' title='bbox 857 4940 951 4999; x_wconf 86' lang='lat' dir='ltr'><strong>etiam</strong></span> <span class='ocrx_word' id='word_1_346' title='bbox 976 4939 1105 4999; x_wconf 86' lang='lat' dir='ltr'><strong>amicae.</strong></span> <span class='ocrx_word' id='word_1_347' title='bbox 1128 4936 1269 4999; x_wconf 87' lang='lat' dir='ltr'><strong>Tacuisti</strong></span> <span class='ocrx_word' id='word_1_348' title='bbox 1285 4939 1372 4998; x_wconf 90' lang='lat' dir='ltr'><strong>cuim</strong></span> <span class='ocrx_word' id='word_1_349' title='bbox 1387 4937 1485 5018; x_wconf 85' lang='lat' dir='ltr'><strong>longo</strong></span> <span class='ocrx_word' id='word_1_350' title='bbox 1501 4947 1624 5014; x_wconf 84' lang='lat' dir='ltr'><strong>tempore</strong></span> 
     </span>
     <span class='ocr_line' id='line_1_37' title="bbox 195 5031 1627 5123; baseline -0.003 -25"><span class='ocrx_word' id='word_1_351' title='bbox 195 5041 414 5121; x_wconf 86' lang='lat' dir='ltr'><strong>putabamque</strong></span> <span class='ocrx_word' id='word_1_352' title='bbox 438 5053 469 5103; x_wconf 85' lang='lat' dir='ltr'><strong>te</strong></span> <span class='ocrx_word' id='word_1_353' title='bbox 492 5061 602 5103; x_wconf 88' lang='lat' dir='ltr'><strong>ranam</strong></span> <span class='ocrx_word' id='word_1_354' title='bbox 625 5040 813 5120; x_wconf 80' lang='lat' dir='ltr'><strong>Seriphiaut.</strong></span> <span class='ocrx_word' id='word_1_355' title='bbox 836 5043 894 5103; x_wconf 88' lang='lat' dir='ltr'><strong>sed</strong></span> <span class='ocrx_word' id='word_1_356' title='bbox 919 5045 1023 5122; x_wconf 88' lang='lat' dir='ltr'><strong>picam</strong></span> <span class='ocrx_word' id='word_1_357' title='bbox 1048 5044 1269 5120; x_wconf 89' lang='lat' dir='ltr'><strong>impraesentia</strong></span> <span class='ocrx_word' id='word_1_358' title='bbox 1285 5060 1439 5123; x_wconf 85' lang='lat' dir='ltr'><strong>agnosco.</strong></span> <span class='ocrx_word' id='word_1_359' title='bbox 1463 5040 1591 5102; x_wconf 88' lang='lat' dir='ltr'><strong>Gratum</strong></span> <span class='ocrx_word' id='word_1_360' title='bbox 1603 5031 1627 5095; x_wconf 88' lang='lat' dir='ltr'><strong>id</strong></span> 
     </span>
    </p>
   </div>
   <div class='ocr_carea' id='block_1_13' title="bbox 284 5287 466 5361">
    <p class='ocr_par' dir='ltr' id='par_1_13' title="bbox 284 5287 466 5361">
     <span class='ocr_line' id='line_1_38' title="bbox 284 5287 466 5361; baseline 0 -12"><span class='ocrx_word' id='word_1_361' title='bbox 284 5299 310 5361; x_wconf 75' lang='lat'><strong>²¹³)</strong></span> <span class='ocrx_word' id='word_1_362' title='bbox 330 5287 373 5349; x_wconf 73' lang='lat' dir='ltr'><strong>Cri</strong></span> <span class='ocrx_word' id='word_1_363' title='bbox 391 5305 466 5351; x_wconf 87' lang='lat' dir='ltr'><strong>tuuc.</strong></span> 
     </span>
    </p>
   </div>
   <div class='ocr_carea' id='block_1_14' title="bbox 0 0 1844 5850">
    <p class='ocr_par' dir='ltr' id='par_1_14' title="bbox 0 0 1844 5850">
     <span class='ocr_line' id='line_1_39' title="bbox 0 0 1844 5850; baseline 0 0"><span class='ocrx_word' id='word_1_364' title='bbox 0 0 1844 5850; x_wconf 95' lang='lat' dir='ltr'><strong> </strong></span> 
     </span>
    </p>
   </div>
  </div>
 </body>
</html>
