3660 5850
274 362 309 417 26
956 367 1048 429 1489.

273 575 448 657 Georgium
480 598 577 640 unum
609 599 651 641 ex
682 582 867 659 proceribus
900 584 1017 643 nostris
1040 584 1190 660 pervenit,
1225 582 1388 643 hominem
1419 582 1546 645 militiae
1570 581 1724 661 domique

273 682 401 755 clarum,
432 683 489 744 sed
512 683 668 745 Romanis
699 688 795 747 sacris
825 706 890 747 non
921 686 1098 747 admodum
1130 689 1276 748 amicum.
1315 686 1411 748 Hunc
1435 686 1549 748 Paulus
1578 686 1723 766 pontifex

273 789 435 847 maximus
457 790 542 869 regia
565 788 719 871 dignitate
742 792 872 869 privavit
895 802 927 852 et
951 793 981 851 in
1004 791 1229 853 contumeliam
1253 794 1321 853 eius
1345 790 1499 852 Matltiam
1523 791 1723 852 Pannonium

273 910 292 951 a
315 892 473 952 nonnullis
497 911 666 970 procerum
690 904 873 955 nostrorum
897 896 928 955 in
952 914 1058 975 regem
1075 894 1248 956 Bohemiae
1271 894 1342 978 eligi
1358 897 1537 975 procuravit
1561 891 1724 954 Friderico

271 1013 398 1055 caesare
421 995 462 1056 ad
486 996 516 1057 id
540 999 737 1058 connivente.
752 995 777 1067 ⁷)
812 997 1016 1079 Quamquam
1048 1011 1156 1062 autem
1188 1019 1305 1083 magna
1328 1002 1414 1081 regni
1442 1019 1517 1078 pars
1540 1020 1559 1060 a
1582 996 1724 1080 Georgio

273 1097 446 1171 defecisset,
463 1118 527 1161 non
549 1112 657 1162 tamen
681 1101 798 1162 fractus
821 1106 928 1164 animo
952 1116 1008 1169 est.
1028 1102 1085 1164 sed
1108 1103 1206 1186 longo
1230 1114 1377 1182 tempore
1401 1123 1473 1165 cum
1492 1102 1614 1164 Mathia
1637 1104 1723 1163 vario

271 1214 387 1264 eventu
412 1204 529 1266 bellum
553 1208 658 1287 gessit.
682 1205 805 1268 Verum
828 1206 968 1290 Georgio
992 1220 1121 1270 mortuo
1137 1227 1210 1269 cum
1228 1207 1365 1269 llathias
1380 1208 1439 1269 sibi
1456 1205 1644 1268 Bohemiam
1662 1208 1723 1266 iam

272 1319 380 1384 aptam
395 1305 421 1376 Β]
451 1320 620 1388 reputaret,
652 1313 749 1373 invito
781 1324 812 1374 et
834 1312 1008 1375 reluctante
1038 1333 1079 1374 eo
1102 1310 1297 1373 Wladislaus
1321 1308 1465 1373 Casimiri
1488 1310 1601 1372 Poloni
1633 1309 1722 1379 filius,

272 1411 333 1471 sub
355 1414 444 1474 cuius
467 1415 566 1477 tutela
590 1417 620 1476 in
644 1419 822 1494 praesentia
845 1420 1079 1498 requiescimus,
1104 1420 1134 1478 in
1158 1435 1267 1499 regem
1290 1418 1477 1491 assumitur;
1501 1417 1555 1495 qui
1579 1433 1653 1475 curn
1669 1415 1723 1475 diu

271 1533 345 1576 cum
370 1515 490 1578 Mathia
512 1519 554 1579 de
576 1523 781 1598 possessione
804 1525 983 1600 prouinciae
1014 1520 1215 1594 decertasset,
1245 1520 1377 1582 tandem
1407 1540 1473 1599 pax
1503 1522 1664 1580 intereos
1686 1539 1723 1579 ea

273 1617 342 1698 lege
375 1625 555 1701 composita
588 1636 645 1698 est,
675 1638 709 1687 ut
741 1627 833 1687 titulo
864 1629 951 1708 regni
983 1626 1157 1688 Bohemiae
1188 1636 1321 1705 uterque
1352 1644 1462 1685 eorum
1493 1634 1644 1696 uteretur,
1667 1623 1721 1682 sed

272 1722 427 1785 Bolteruia
442 1726 528 1804 apud
546 1727 756 1789 Wladislaum
774 1743 925 1796 maneret.
948 1733 1128 1810 prouinciae
1143 1744 1250 1792 autem
1266 1741 1391 1791 ceterae
1406 1729 1535 1809 regibus
1551 1727 1724 1789 Bohemiae

272 1845 382 1905 parere
405 1844 579 1893 consuetae
609 1844 643 1893 ut
668 1833 808 1895 Mathiae
838 1848 959 1908 essent;
994 1855 1060 1916 quo
1091 1837 1233 1897 extincto
1264 1837 1289 1895 si
1321 1843 1517 1895 memoratas
1547 1833 1726 1912 provincias

274 1933 368 1993 nobis
392 1922 512 1995 restitui
535 1936 736 2011 voluerimus,
768 1950 802 2000 ut
829 1939 1062 2022 quadringenta
1093 1939 1179 2000 milia
1210 1957 1380 2000 nummum
1411 1939 1477 1998 auri
1501 1936 1673 1998 Pannoniis
1695 1946 1726 1997 et

273 2055 384 2097 eorum
410 2039 601 2116 reipublicae
625 2039 852 2120 persolvamus.
892 2042 981 2104 Haec
1004 2047 1061 2104 etsi
1085 2043 1127 2104 ab
1151 2045 1295 2104 instituto
1323 2054 1435 2103 nostro
1459 2042 1592 2101 omnino
1623 2039 1725 2101 aliena

272 2152 353 2208 sunt,
377 2140 466 2204 libuit
490 2156 599 2205 tamen
623 2146 759 2207 breuiter
789 2166 1052 2219 commemorare,
1076 2160 1109 2208 ut
1134 2147 1316 2227 intelligant,
1348 2148 1374 2206 si
1397 2147 1450 2225 qui
1482 2145 1627 2205 fortassis
1650 2143 1727 2203 haec

272 2243 446 2323 aliquando
469 2247 611 2329 legerint,
634 2270 676 2310 es
700 2264 822 2329 quanto
845 2251 965 2333 gloriae
988 2265 1019 2312 et
1043 2251 1214 2332 dignitatis⁸
1234 2250 1335 2334 gradu
1359 2249 1482 2327 delapsi
1505 2267 1626 2320 sumus,
1650 2248 1725 2308 dum

271 2348 342 2428 plus
366 2371 480 2430 sapere
503 2353 660 2427 solonius,
687 2374 785 2434 quam
814 2375 945 2417 necesse
972 2358 1020 2428 sit,
1048 2368 1079 2417 et
1102 2359 1241 2436 priuatas
1268 2365 1394 2416 nostras
1420 2352 1571 2415 utilitates
1593 2351 1726 2431 publicis

272 2454 452 2514 commodis
475 2460 709 2535 anteponimus.
733 2457 797 2521 Sed
821 2462 882 2520 iarn
899 2460 997 2520 finem
1021 2460 1187 2532 faciamus,
1211 2477 1315 2538 neque
1338 2458 1423 2517 enim
1446 2458 1604 2536 propositi
1628 2456 1725 2516 nostri

272 2569 321 2617 est
345 2557 508 2619 historiam
540 2580 643 2621 rerum
675 2575 855 2625 nostrarum
887 2565 1032 2636 scribere,
1063 2582 1260 2642 quamquam
1291 2581 1357 2624 non
1387 2572 1539 2641 putamus
1569 2558 1602 2621 id
1633 2559 1725 2620 nobis

273 2661 474 2724 interdictum
499 2683 579 2733 esse,
611 2668 790 2746 siquando
821 2667 862 2727 ad
885 2671 985 2728 otium
1017 2668 1119 2728 redire
1142 2680 1175 2728 et
1197 2667 1239 2728 ab
1266 2667 1328 2727 hoc
1355 2664 1463 2726 curiali
1490 2665 1626 2743 strepitu
1652 2682 1724 2724 con·

273 2767 435 2843 quiescere
457 2768 585 2839 licuerit,
609 2774 793 2850 praesertim
825 2791 898 2832 cum
928 2791 993 2833 non
1025 2772 1128 2833 desint
1159 2770 1298 2851 quidam,
1321 2772 1375 2850 qui
1399 2767 1512 2830 fabulis
1544 2786 1597 2829 res
1619 2778 1724 2849 gestas

272 2872 428 2930 maiorum
459 2886 643 2935 nostrorum
674 2894 785 2935 amore
816 2875 960 2955 quodam
991 2878 1112 2954 patriae
1142 2875 1184 2936 ad
1215 2874 1276 2935 hoc
1307 2873 1433 2952 impulsi
1463 2872 1520 2933 sed
1552 2882 1661 2933 tamen
1683 2869 1722 2930 ab

271 2973 378 3034 officio
395 2977 558 3054 scriptoris
581 2980 707 3056 penitus
723 2979 813 3039 alieni
831 2979 1038 3058 repleverunt.
1063 2979 1152 3040 Multi
1171 2992 1336 3057 praeterea
1353 2995 1417 3038 non
1434 2975 1506 3037 dico
1522 2975 1723 3055 eloquentiae

272 3076 329 3136 sed
352 3081 448 3138 etiam
473 3079 633 3142 latinitatis
657 3085 755 3164 ignari
786 3083 867 3143 lianc
890 3101 957 3142 rem
980 3086 1121 3163 aggressi
1145 3086 1174 3143 in
1199 3086 1270 3162 ipso
1293 3091 1411 3142 conatu
1435 3081 1672 3142 succubuerunt
1693 3090 1724 3138 et

272 3181 459 3259 imperitiam
490 3203 589 3251 suam,
624 3205 721 3265 quam
757 3187 933 3248 occultasse
962 3188 1075 3248 melius
1105 3188 1193 3252 foret.
1224 3187 1401 3264 posteritati
1430 3195 1543 3245 notam
1575 3183 1722 3244 lecerunt.

272 3282 401 3346 deneas
423 3300 531 3348 autem
555 3288 677 3357 Silvius,
701 3294 754 3370 qui
778 3294 898 3370 primus
921 3304 1106 3352 exterorum
1130 3292 1235 3370 aliqua
1258 3290 1299 3351 de
1322 3289 1417 3351 nobis
1446 3288 1630 3369 diligentius
1653 3305 1723 3365 pro

270 3387 357 3449 didit.
381 3410 576 3471 quamquam
600 3394 784 3472 eloquentia
809 3398 937 3455 minime
956 3395 1192 3457 contemnenda
1216 3395 1281 3465 suit,
1304 3407 1335 3455 et
1357 3395 1411 3472 qui
1428 3393 1565 3454 orationi
1589 3391 1721 3452 multum

272 3491 359 3553 facile
382 3495 502 3555 addere
525 3511 644 3574 posset,
668 3500 767 3561 multa
797 3511 904 3560 tamen
933 3500 1072 3567 illustria,
1103 3499 1180 3559 dum
1204 3499 1347 3559 brevitati
1379 3496 1549 3557 voluminis
1579 3494 1721 3561 consulit,

270 3601 488 3675 praetermisit,
520 3602 619 3662 multa
649 3606 745 3664 etiam
776 3607 909 3664 nimium
940 3602 1120 3684 (nedicunt
1151 3600 1249 3683 aliud)
1281 3614 1401 3664 temere
1431 3599 1574 3667 credidit,
1602 3611 1636 3661 ut
1664 3617 1721 3658 nos

270 3711 418 3781 tempore
441 3724 500 3765 suo
523 3705 741 3768 ostendemus.
781 3707 899 3787 Magna
929 3720 1038 3768 tamen
1061 3709 1182 3769 bomini
1209 3709 1308 3787 gratia
1336 3703 1486 3766 habenda
1508 3724 1529 3764 a
1551 3704 1646 3764 nobis
1668 3713 1722 3771 est,

271 3807 424 3883 quoniam
449 3827 500 3867 res
524 3824 648 3870 nostras
671 3811 758 3889 apud
782 3824 933 3872 extemas
955 3823 1067 3892 gentes
1092 3813 1232 3871 maxime
1255 3809 1426 3871 illustravit.

359 4010 478 4062 l'roeenl
497 4014 594 4064 tohoto
614 4013 677 4066 listu
697 4015 810 4066 zakladri
830 4032 859 4066 se
879 4014 974 4082 nejprv
999 4032 1034 4066 na
1054 4014 1215 4081 rislovnem
1240 4014 1324 4065 udani
1352 4012 1515 4080 pisatelove,
1539 4012 1571 4064 ie
1591 4011 1721 4080 uplynulo

270 4096 353 4162 prave
372 4094 407 4145 ill
426 4097 462 4149 let
480 4099 515 4150 od
535 4102 653 4166 poedtku
672 4100 749 4152 bouli
764 4100 934 4168 husitsln'ch,
953 4111 1047 4168 potom
1067 4103 1097 4152 ie
1112 4101 1168 4151 kral
1182 4099 1322 4151 l'ladislav
1341 4100 1477 4166 svelkym
1491 4098 1638 4151 nakladem
1653 4098 1722 4149 stavi

269 4182 336 4233 brad
358 4182 486 4250 Praislri.
505 4186 555 4236 col
575 4185 638 4252 bylo
658 4203 673 4235 v
688 4187 778 4238 letech
795 4188 973 4247 list-ltus,
994 4189 1118 4239 sunctae
1133 4205 1168 4239 ua
1181 4200 1247 4245 tom.
1266 4188 1298 4239 ie
1312 4188 1452 4239 Bohuslav
1466 4186 1546 4238 smrti
1567 4185 1722 4252 atatiasovy

271 4355 376 4407 narrata
404 4358 576 4409 nemeckeho
603 4376 638 4410 na
667 4358 817 4412 universite
846 4361 992 4412 liononskr'·
1021 4361 1166 4429 vyskyruje
1195 4379 1225 4413 se
1254 4362 1343 4414 »dom
1371 4360 1526 4412 Cristianus
1556 4359 1662 4426 Pediglr
1689 4358 1722 4409 de

272 4441 406 4494 Remuiez
426 4443 504 4509 Prng.
524 4445 641 4497 diocesi
664 4446 776 4512 nejprve
795 4464 815 4501 r.
837 4446 910 4501 1112.
934 4448 1056 4516 podruhe'
1073 4448 1184 4514 jakoito
1203 4449 1364 4516 prokurator
1382 4446 1464 4499 tehoi
1484 4446 1590 4498 ndroda
1608 4463 1629 4498 r.
1649 4443 1724 4498 1477.

273 4528 296 4578 l'
310 4528 372 4579 listi
392 4530 407 4580 k
427 4528 557 4582 Pisonosi
585 4533 753 4600 alletliuny
778 4550 798 4585 r.
820 4534 883 4584 litu
910 4534 1040 4601 vzknzuje
1062 4535 1098 4601 jej
1124 4535 1264 4587 Bonuslai·
1287 4533 1493 4603 pozdravosati.
1524 4532 1636 4602 Sauppe
1661 4532 1724 4599 (Die

272 4616 392 4667 liiinche
411 4616 460 4667 aui
475 4618 538 4669 dem
559 4618 660 4685 tls-bin.
688 4619 780 4671 Zittau
803 4621 869 4671 1an
892 4630 938 4673 str.
957 4622 1000 4673 :lli
1024 4623 1106 4674 usadi
1128 4621 1164 4688 jej
1189 4623 1329 4674 mnichem
1356 4620 1581 4673 coelestinskeho
1607 4621 1725 4673 klastera

269 4718 305 4752 na
324 4702 432 4768 ttju'ne.
450 4705 486 4754 do
506 4706 595 4756 nebo}
615 4709 663 4772 pri·
684 4707 801 4775 rstoupil
822 4726 856 4775 po
873 4708 933 4774 jaru
956 4710 1028 4761 ltili.
1049 4709 1056 4759 i
1076 4709 1229 4775 ptipomind
1255 4726 1271 4760 o
1291 4714 1364 4763 adm.
1383 4708 1495 4760 nesime
1515 4723 1551 4758 na
1567 4706 1662 4772 jakem
1682 4706 1724 4758 aa·

271 4788 359 4841 klade.
379 4789 410 4840 le
429 4791 494 4856 pied
513 4792 563 4842 tim
583 4791 628 4858 byl
654 4794 761 4859 prunim
785 4796 910 4845 nutrirem
936 4793 1080 4846 knilosske'
1106 4796 1260 4846 kaneelaie.
1291 4795 1370 4861 Kdyt
1394 4811 1415 4846 r.
1436 4793 1503 4844 lam
1528 4793 1672 4845 Bohuslav
1692 4809 1727 4843 na

271 4875 371 4939 Oisine
391 4878 523 4943 tanrislel
542 4895 577 4944 po
597 4878 695 4945 nejatt'·
710 4882 757 4929 las
770 4879 921 4947 piebisati.
941 4880 1033 4932 neeini
1048 4898 1064 4930 s·
1077 4880 1138 4932 liste
1152 4882 1301 4948 dorsenem
1315 4897 1333 4931 o
1347 4878 1481 4932 Pedikovi
1494 4878 1583 4931 dadae
1597 4879 1727 4946 zminlry;

270 4961 339 5012 suad
359 4960 405 5028 brt
424 4964 532 5014 tenknit
550 4963 586 5029 jit
607 4976 703 5016 tristes.

362 5188 380 5231 'l
400 5188 462 5239 l'rd.
481 5189 673 5242 coadiusante.

361 5274 380 5319 ἣ
401 5275 459 5325 l'ak
479 5275 532 5327 uba
549 5276 694 5344 rukopisy:
713 5277 782 5329 snad
800 5288 932 5346 apertam.
