3660 5850
862 385 954 445 1494„

271 597 373 649 Datum
397 595 540 664 plidinEno
565 595 730 662 zrukopisu
755 595 1011 658 lilementinslteho,
1038 597 1112 649 lilitis
1136 596 1262 650 ladneho
1290 596 1382 649 nemi.
1412 595 1528 658 Ονὲοἰ,
1551 594 1588 663 jti
1607 612 1636 647 se

184 690 262 736 tento
281 683 326 736 list
344 700 361 735 a
379 681 541 747 nasledujicl
562 681 692 749 doty'kajl,
711 699 803 734 srovn.
823 683 980 735 Palaclreho
998 684 1031 745 V,
1053 683 1074 744 l,
1093 683 1145 734 ddi
1157 701 1174 735 a
1187 683 1256 736 naal.
1275 683 1400 736 Zarovell
1419 683 1529 735 stimto
1545 683 1635 736 listem

184 771 271 838 poslal
290 771 430 821 Bohuslav
447 768 545 838 Janovi
565 769 601 820 do
620 770 711 836 Prahy
730 769 900 836 epigramm:
920 770 1065 823 Coelorum
1085 769 1229 837 pelagique
1254 777 1329 823 sator
1347 778 1491 837 terraeque
1510 769 1637 829 iacentis,

185 875 202 908 v
215 858 295 909 nemi
314 857 387 925 prosi
408 857 493 918 Boha,
512 856 566 924 aby
585 857 675 922 timysl
690 856 814 908 Praianu
834 874 863 907 se
877 856 984 924 povedl.
1002 855 1163 925 Epigramm
1183 864 1270 918 tento,
1287 855 1379 922 jemui
1395 855 1484 924 jinym
1504 856 1637 924 epigram·

185 961 258 996 mem
278 952 372 1010 potom
398 943 460 995 eelil
487 942 622 1003 Viktorin,
648 942 765 994 nachazi
791 960 820 992 se
846 959 933 1010 pouze
953 961 969 994 v
989 943 1117 1011 rukopise
1142 943 1381 997 Klementinskem
1402 944 1475 996 hned
1494 960 1528 996 za
1545 943 1634 996 listem

187 1031 285 1092 nasim,
305 1048 321 1082 a
339 1032 384 1082 znl
404 1031 495 1082 talto:

530 1133 676 1185 Coelorum
696 1132 841 1200 pelagique
860 1140 935 1185 sator
953 1140 1096 1201 terraeque
1116 1134 1242 1197 iacentis,

566 1220 628 1272 Huc
649 1237 754 1288 precor,
773 1237 790 1271 o
808 1236 900 1272 rerum
920 1219 1038 1272 maxime
1057 1229 1155 1283 rector,
1175 1221 1256 1273 ades!

532 1307 633 1374 Magna
652 1316 750 1373 parant
770 1305 906 1369 homines,
925 1323 1040 1373 quorum
1060 1315 1089 1359 tu
1110 1307 1224 1360 nomina
1243 1307 1324 1369 nosti,

565 1393 601 1445 Et
619 1392 663 1444 vix
683 1392 791 1445 mortali
810 1392 978 1460 perficienda
998 1411 1089 1446 manu.

532 1480 647 1540 Horum,
667 1496 775 1531 summe
795 1496 902 1546 parens,
922 1478 1025 1547 inspira
1043 1487 1164 1548 pectora,
1183 1497 1292 1534 sacrum

563 1568 599 1619 Et
619 1565 714 1618 flatum
735 1565 827 1633 populi
848 1565 987 1619 mentibus
1007 1566 1071 1619 inde
1090 1567 1143 1620 tui!

531 1654 586 1705 Fac
605 1653 693 1721 possit
712 1654 825 1720 laqueos
844 1653 925 1720 Stigii
945 1654 1032 1707 vitare
1051 1655 1161 1721 tyranni

565 1741 711 1806 Tensaque
730 1740 758 1791 in
778 1740 890 1793 exitium
910 1740 1016 1808 spicula
1035 1741 1108 1793 mille
1128 1758 1222 1804 suum;

530 1827 637 1896 Quique
657 1827 703 1880 diu
723 1827 749 1879 in
769 1826 892 1879 tenebris
911 1827 977 1880 vixit
995 1828 1123 1895 caliginis
1142 1838 1227 1891 atrae,

565 1915 646 1965 Nunc
666 1913 759 1965 videat
778 1915 870 1966 lumen
890 1915 1083 1982 sidereumque
1103 1915 1194 1968 iubarl

186 2039 225 2092 Za
249 2037 447 2106 epigrammem
473 2036 699 2102 Bohuslavovym
725 2034 866 2102 nasleduje
889 2035 980 2088 tamle
1003 2036 1161 2105 polemiclqi
1186 2037 1340 2105 epigramm
1366 2035 1533 2088 Viktorindv
1557 2036 1637 2103 spti-

186 2126 292 2193 piskem
318 2124 379 2176 tede
404 2125 487 2191 ruky:
515 2124 556 2175 Ea
577 2124 699 2192 Joannes
725 2123 759 2175 de
785 2123 963 2176 Domaslavie
988 2124 1022 2175 ad
1047 2123 1189 2176 dominum
1215 2122 1366 2175 Bousiaum
1394 2122 1533 2188 evestigio
1556 2121 1638 2173 misit,

186 2213 345 2280 lipigramm
365 2219 412 2263 ten
439 2211 520 2263 utiskl
541 2211 575 2262 H.
598 2210 706 2279 Jiredek
726 2228 742 2260 v
762 2209 974 2278 livotopisntch
1001 2210 1192 2272 materialiich,
1211 2210 1364 2278 plidany'ch
1384 2209 1400 2261 k
1419 2209 1524 2277 vydani
1543 2210 1637 2260 svemu

187 2298 406 2366 Viktorinovy'ch
426 2297 492 2349 lmih
511 2297 680 2365 devaterycn
700 2314 716 2347 v
735 2298 820 2350 Praze
842 2296 917 2349 lili-l.

885 2597 935 2660 50.

537 2734 756 2808 Bohuslav
779 2734 931 2827 Janovi
959 2756 982 2806 z
1011 2732 1283 2808 Domaslave.

272 2906 305 2972 (Ζ
326 2904 407 2962 Elian
427 2907 492 2962 1494
512 2936 542 2944 -
562 2908 587 2959 2.
608 2904 710 2974 letina.)
735 2906 827 2958 Poslla
846 2906 861 2957 k
880 2905 986 2958 ladosti
1003 2904 1069 2972 jeho
1092 2912 1186 2958 ostrou
1206 2904 1335 2972 odpoved
1351 2904 1368 2956 k
1386 2904 1522 2972 dtodnym
1540 2921 1559 2956 a
1575 2919 1635 2955 rou·

185 2994 286 3061 havym
306 2996 416 3046 verddm
435 2992 657 3061 Viktorinovy'm.
675 2994 766 3059 (Nova
784 2992 864 3060 epist.
883 3008 945 3060 app.
964 2990 997 3043 27
1016 3009 1033 3044 a
1050 2992 1108 3060 rkp.
1127 2992 1265 3045 Klement.
1284 2991 1302 3043 l.
1322 2991 1356 3042 D.
1375 2989 1428 3043 31.
1447 2991 1464 3041 t
1482 2994 1521 3058 α.)

267 3169 383 3250 Joanni
405 3189 465 3232 suo
489 3170 530 3230 de
553 3170 759 3231 Domaslavie
787 3169 874 3247 apud
902 3169 1028 3231 tabulas
1052 3171 1140 3250 regni
1155 3166 1176 3248 ¹)
1208 3187 1232 3228 s.
1257 3189 1286 3247 p.
1310 3168 1340 3230 d.
1378 3166 1492 3229 Misisti
1523 3167 1564 3228 ad
1589 3185 1640 3227 me

185 3273 400 3352 blasphemias
415 3274 581 3335 cuiusdam
596 3276 628 3335 in
645 3273 813 3335 ecclesiam
830 3273 889 3335 Dei
906 3294 961 3335 ore
977 3274 1130 3354 sacrilego
1146 3271 1382 3346 debacchantis,
1398 3283 1429 3333 et
1445 3290 1643 3354 magnopere

183 3380 272 3457 petis,
296 3389 330 3438 ut
352 3378 401 3439 his
424 3377 644 3457 respondeam.
670 3378 703 3439 ln
728 3396 879 3459 magnum
897 3396 949 3437 me
964 3378 1091 3437 coniicis
1108 3375 1248 3458 pelagus,
1269 3376 1418 3456 joannes,
1441 3386 1473 3438 et
1490 3375 1641 3437 adversus

183 3502 258 3544 eum
281 3484 370 3564 cogis
392 3482 536 3556 scribere,
560 3500 658 3561 quem
681 3485 725 3543 ob
748 3501 840 3543 suam
863 3482 894 3542 in
919 3501 971 3543 me
994 3480 1227 3542 humanitatem
1250 3482 1343 3542 unice
1366 3498 1494 3559 semper
1509 3491 1541 3540 et
1557 3478 1642 3540 colui

183 3597 214 3647 et
238 3586 343 3647 dilexi.
367 3583 501 3647 Accedit
523 3583 609 3667 hisf)
627 3587 716 3667 quod
741 3588 771 3647 in
795 3585 978 3647 huiusmodi
1003 3585 1160 3647 scribendi
1184 3603 1300 3667 genere
1323 3584 1502 3646 admodum
1525 3585 1641 3645 invitus

184 3689 330 3772 versor‚³)
361 3692 480 3771 quippe
504 3690 592 3768 quod
617 3710 681 3751 non
706 3689 810 3751 solum
841 3693 871 3751 in
895 3690 1116 3752 Demosthene
1138 3702 1169 3751 et
1193 3687 1348 3751 Cicerone
1371 3686 1429 3749 sed
1452 3689 1485 3748 in
1508 3687 1641 3748 Ruffino

183 3813 315 3875 quoque
337 3804 369 3854 et
395 3794 597 3872 Hieronymo
621 3813 786 3875 nunquam
810 3796 948 3873 probare
971 3795 1130 3856 consuevi.
1154 3794 1273 3856 Geram
1297 3804 1406 3854 tamen
1428 3793 1486 3855 tibi
1509 3810 1643 3865 morem,

185 3901 339 3978 quoniam
370 3900 413 3959 ita
443 3901 497 3972 vis
529 3897 586 3959 sed
618 3911 650 3959 nt
683 3899 860 3960 modestiae
887 3917 980 3959 meae
1008 3917 1215 3979 nequaquam
1226 3893 1252 3980 ⁴)
1284 3898 1457 3959 obliviscar.
1495 3895 1529 3958 Si
1556 3899 1642 3957 enim

184 4001 349 4082 Torquati,
376 4001 468 4062 Fabii
495 3999 724 4083 Camillique,⁵)
755 4022 837 4082 quos
868 4002 918 4063 ille
951 4014 1118 4081 tantopere
1149 4002 1295 4063 admirari
1326 4001 1458 4074 uidetur,
1492 4011 1527 4060 nt
1559 4019 1643 4079 pene

184 4106 340 4185 apostolis
362 4116 543 4185 anteponat,
568 4127 627 4185 pro
650 4106 810 4186 republica
834 4110 1008 4168 innumeris
1030 4127 1101 4168 sese
1124 4107 1357 4169 discriminibus
1379 4116 1478 4186 atque
1494 4104 1644 4184 periculis

184 4211 377 4284 obiecerunt,
401 4213 450 4272 cui
473 4208 572 4291 iure⁶)
596 4210 762 4288 displicere
785 4222 894 4289 posset
919 4231 970 4272 me
986 4213 1146 4272 neminem
1163 4213 1291 4272 maioris
1306 4229 1403 4292 quam
1420 4208 1644 4271 orthodoxam

184 4316 368 4397 religionem
391 4315 515 4376 lacere?
547 4313 579 4377 S.
603 4315 720 4376 Paulus
743 4312 872 4395 Cephac
897 4317 926 4376 in
951 4316 1063 4377 l'aciem
1087 4317 1205 4388 restitit,
1229 4327 1261 4375 et
1276 4315 1466 4377 Aristoteles
1489 4312 1647 4375 adversus

186 4418 352 4480 Platonem
368 4422 510 4481 scribens
528 4422 616 4496 pium
633 4431 724 4497 putat
740 4422 770 4479 in
788 4420 911 4480 honore
927 4421 1092 4481 veritatem
1109 4420 1275 4497 praeferre.
1300 4419 1447 4500 Ignoscet
1462 4429 1551 4479 certe
1567 4420 1645 4480 mihi

137 4564 140 4569 -
184 4525 305 4585 amicus
328 4525 393 4593 iste,
416 4526 441 4585 si
465 4543 538 4584 cum
561 4544 657 4585 canes
681 4544 739 4603 pro
756 4524 893 4585 dominis
909 4522 1022 4584 latrare
1039 4523 1173 4596 soleant,
1197 4525 1264 4601 ipse
1281 4542 1412 4603 quoque
1428 4541 1488 4601 pro
1504 4519 1646 4593 Christo,

183 4630 273 4689 cuius
296 4647 448 4706 sponsam
472 4627 681 4706 pessumdare
705 4640 846 4701 conatur,
871 4646 935 4687 non
960 4639 1097 4699 tacuere,
1121 4640 1152 4688 et
1176 4647 1217 4695 se,
1242 4639 1398 4706 quantum
1421 4645 1477 4706 per
1501 4646 1556 4687 me
1579 4627 1648 4688 sieri

278 4867 294 4934 ¹)
313 4867 336 4918 li
356 4867 489 4935 publicas

277 4954 296 5019 ²)
315 4954 342 5004 Μ
361 4954 424 5006 huc.

275 5040 294 5106 Ι)
315 5041 341 5090 Μ
360 5058 461 5093 verser.

274 5129 293 5195 ⁴)
313 5129 340 5179 Μ
360 5146 508 5195 nunquam.

274 5213 294 5282 ὅ)
313 5217 339 5267 Μ
359 5216 521 5282 Catullique.

273 5301 339 5370 ’).Μ
360 5302 428 5355 mihi
448 5302 570 5355 minime.
