3660 5850
885 1660 953 1726 168.

563 1815 783 1890 Bohuslav
811 1815 1024 1890 Kristianu
1054 1816 1270 1890 Pedlkovi.

274 2003 338 2072 Aby
356 2004 478 2068 doerzal,
497 2005 529 2058 ie
548 2004 629 2074 nejen
654 2005 727 2074 doby
746 2005 837 2058 ddvno
861 2005 964 2060 minule
989 2005 1069 2059 muie
1088 2005 1207 2074 vyteene
1226 2023 1243 2058 a
1262 2006 1357 2077 alavne
1377 2005 1511 2074 rodlvaly,
1530 2006 1576 2058 liet
1596 2023 1641 2074 vy-

192 2089 301 2158 nikajlcl
320 2090 464 2144 vlastnosti
483 2091 612 2146 kanclel‘e
630 2093 700 2161 Jana
719 2109 734 2146 z
753 2078 913 2147 Selnberlra.
931 2093 1009 2162 (Luc.
1029 2091 1091 2156 580,
1111 2093 1262 2161 Vinaticlry
1279 2091 1332 2160 35.)

273 2265 452 2330 Christiano
469 2267 586 2330 Pedick
602 2289 625 2330 s.
641 2268 670 2330 d.
693 2268 810 2330 Audivi
824 2288 1068 2348 saepenumero,
1084 2268 1172 2344 dum,
1187 2281 1222 2331 ut
1242 2269 1284 2343 fit,
1301 2288 1407 2330 sermo
1424 2268 1465 2331 de
1481 2269 1641 2349 republica

192 2374 292 2446 oritur,
310 2393 328 2433 a
343 2372 502 2434 nonnullis
522 2373 628 2436 secula
644 2375 747 2452 prisca
770 2384 801 2434 et
825 2376 962 2435 maiores
983 2385 1111 2436 nostros
1134 2373 1263 2436 mirifice
1287 2372 1416 2447 laudari,
1440 2373 1529 2455 quod
1552 2372 1640 2434 domi

194 2476 381 2557 militiaeque
396 2476 576 2539 admodum
591 2476 664 2541 clari
680 2490 712 2540 et
728 2478 920 2540 excellentes
944 2478 1083 2552 luissent,
1099 2488 1238 2540 aetatem
1255 2497 1340 2539 nunc
1356 2488 1498 2540 nostram
1515 2480 1641 2557 penitus

193 2579 305 2658 despici
322 2592 418 2661 atque
435 2583 605 2656 contemni,
625 2594 779 2663 tanquam
803 2582 924 2644 nullum
945 2585 1056 2644 omnio
1072 2601 1225 2664 magnum
1240 2582 1458 2660 illustremque
1476 2582 1576 2643 virum
1593 2591 1642 2643 tu-

193 2683 263 2746 lerit.
287 2683 434 2764 Quorum
457 2705 519 2769 ego
542 2705 618 2768 erga
633 2698 824 2749 vetustatem
848 2687 1082 2750 observantiam
1105 2697 1137 2748 et
1159 2705 1303 2748 amorem
1326 2704 1391 2748 non
1414 2686 1552 2764 probare
1575 2703 1641 2746 non

193 2805 337 2867 possum;
359 2789 448 2870 quod
464 2800 571 2852 autem
594 2801 735 2852 aetatem
758 2791 840 2853 hanc
864 2803 952 2854 tanto
976 2791 1082 2853 studio
1112 2793 1314 2864 insectantur,
1330 2808 1448 2863 vereor,
1464 2808 1505 2849 ne
1528 2807 1640 2850 eorum

191 2895 294 2971 potius
309 2913 416 2955 mores
432 2913 529 2975 quam
546 2906 692 2975 tempora
708 2907 817 2957 nostra
833 2899 863 2957 in
879 2895 974 2975 culpa
997 2898 1066 2957 sint.
1090 2895 1134 2958 Ut
1157 2898 1242 2957 euim
1258 2899 1442 2957 innumeros
1458 2894 1537 2955 alios
1553 2893 1640 2954 nullo

191 3001 337 3059 virtutum
349 3017 465 3079 genere
477 3001 586 3078 priscis
602 2999 660 3061 illis
673 3000 863 3075 hominibus,
877 3018 959 3079 quos
975 3010 1142 3079 tantopere
1158 2999 1361 3072 admiramur,
1373 2998 1537 3060 inferiores
1549 3000 1641 3059 omit·

189 3112 262 3176 tam,
277 3101 355 3181 quid
373 3103 504 3165 tandem
525 3103 640 3184 loanni
662 3125 681 3165 a
696 3102 873 3185 Sseleberg‚
890 3105 978 3184 regni
1002 3102 1176 3164 Bohemiae
1200 3102 1396 3175 cancellario,
1412 3102 1500 3182 quod
1518 3100 1558 3161 ad
1575 3102 1640 3162 lau-

188 3206 269 3280 dem,
285 3206 420 3287 gloriam
442 3205 751 3287 amplitudinemque
774 3209 940 3288 pertineat,
964 3207 1073 3270 deest?
1096 3206 1153 3268 Est
1176 3209 1207 3267 in
1231 3225 1271 3267 eo
1294 3217 1415 3268 statura
1439 3207 1573 3287 egregia,
1593 3217 1640 3266 est

188 3309 291 3371 vultus
304 3313 504 3373 maiestatem
516 3311 679 3393 quandam
692 3312 884 3392 singularem
900 3330 975 3391 prae
988 3331 1023 3372 se
1035 3312 1146 3385 serens,
1159 3322 1215 3384 est,
1228 3311 1317 3391 quod
1329 3309 1443 3373 Cicero
1455 3311 1641 3388 compositis

188 3415 331 3476 moribus
343 3414 486 3477 accidere
498 3417 548 3490 ait,
560 3435 687 3479 summa
698 3418 835 3497 gravitas
850 3435 924 3477 cum
940 3436 1067 3477 summa
1080 3415 1277 3478 humanitate
1288 3417 1466 3489 coniuncta,
1480 3415 1639 3495 ingenium

188 3521 414 3594 acutissimum,
431 3523 586 3581 memoria
609 3522 762 3595 omnium,
780 3539 863 3602 quae
878 3520 965 3596 vidit,
980 3520 1108 3594 audivit,
1124 3520 1206 3602 legit,
1223 3533 1337 3595 tenax;
1360 3519 1542 3600 eloquentia
1566 3538 1640 3579 vero

188 3633 283 3698 tanta,
300 3634 453 3704 quantam
469 3644 530 3706 ego
547 3625 577 3685 in
593 3625 724 3686 homine
743 3634 885 3686 nostrate
905 3644 946 3685 ne
961 3644 1089 3704 sperare
1109 3624 1239 3704 quidem
1256 3643 1399 3702 unquam
1415 3642 1511 3685 ausus
1527 3642 1640 3685 essem.

189 3726 237 3789 Nil
254 3729 399 3789 oratione
422 3749 480 3791 sua
502 3732 637 3811 gravius
655 3729 696 3790 nil
715 3732 909 3805 concinnius,
930 3730 970 3791 nil
994 3731 1144 3803 ornatiuS,
1168 3730 1210 3792 nil
1233 3730 1403 3806 copiosius.
1427 3726 1560 3807 Quoties
1584 3725 1640 3786 ho-

190 3836 306 3894 minem
321 3831 426 3904 audi0,
445 3831 593 3912 Ulyssem
609 3834 685 3895 mihi
701 3833 810 3895 audire
825 3834 941 3907 videor,
958 3837 1046 3895 cuius
1061 3835 1238 3895 orationem
1254 3832 1405 3910 hybernis
1420 3831 1544 3891 nivibus
1560 3831 1639 3891 simi·

189 3935 248 3997 lem
270 3937 368 3998 suisse
392 3935 556 3998 Homerus
578 3939 629 4000 ait.
653 3937 795 4000 Materiei
818 3940 1003 4010 sententiae,
1027 3938 1189 3999 sententiis
1211 3938 1308 3998 verba
1331 3934 1497 4014 quadrant.
1521 3933 1639 3996 Fluunt

189 4043 295 4102 omnia
310 4040 483 4115 illaborata,
500 4060 584 4120 quae
599 4041 678 4103 alius
694 4044 904 4104 intentissima
919 4061 992 4104 cura
1009 4044 1163 4122 consequi
1184 4060 1249 4101 non
1267 4050 1384 4120 posset.
1408 4038 1457 4100 Eo
1473 4048 1640 4118 perorante

189 4163 252 4206 non
269 4143 407 4219 Graecis,
420 4165 485 4206 non
498 4143 619 4206 Latinis
634 4145 785 4219 cedimus,
802 4146 866 4206 sive
882 4147 1032 4207 orationis
1047 4146 1236 4228 elegantiam
1252 4156 1283 4206 et
1299 4146 1489 4206 suavitatem
1505 4144 1639 4222 inspicis,

188 4250 250 4309 sive
280 4250 409 4326 copiam
439 4258 472 4310 et
504 4248 686 4310 huiusmodi
716 4252 851 4328 copiam,
875 4269 959 4330 quae
990 4268 1154 4330 nunquam
1185 4252 1364 4311 satietatem
1395 4259 1450 4309 aut
1480 4247 1640 4308 fastidium

188 4353 277 4432 parit.
311 4350 391 4431 Quis
413 4354 500 4414 enim
523 4351 610 4433 loqui
634 4373 674 4415 eo
698 4355 867 4431 incipiente
898 4373 964 4415 non
987 4365 1118 4427 veretur,
1143 4373 1183 4414 ne
1210 4355 1272 4415 cito
1296 4351 1440 4413 desinat?
1472 4351 1542 4432 Jam
1564 4371 1640 4413 vero

187 4459 338 4520 omnibus
359 4459 464 4521 verbis
487 4461 552 4520 suis
575 4458 763 4520 incredibilis
793 4461 946 4521 autoritas
976 4472 1008 4521 et
1039 4457 1119 4519 fides
1142 4461 1229 4519 inest.
1263 4455 1295 4520 Si
1320 4455 1451 4536 quando
1474 4458 1504 4516 in
1528 4468 1641 4516 senatu

187 4562 229 4624 de
252 4561 413 4641 republica
435 4562 519 4637 dicit,
542 4581 657 4625 omnes
687 4565 717 4623 in
747 4565 938 4625 sententiam
967 4565 1035 4624 eius
1065 4562 1202 4643 pedibus
1232 4570 1318 4634 eunt,
1341 4579 1448 4640 neque
1470 4561 1640 4639 quisquam

185 4685 229 4726 ex
251 4676 341 4727 tanto
363 4665 685 4745 prudentissimorum
716 4679 748 4729 et
778 4667 1113 4746 eloquentissimorum
1144 4665 1312 4727 hominum
1341 4683 1476 4726 numero
1507 4673 1562 4724 aut
1585 4663 1640 4723 ad-

185 4779 328 4832 versatur
350 4772 386 4844 ei,
409 4781 464 4832 aut
495 4789 530 4831 se
559 4769 673 4832 melius
701 4770 893 4850 reipublicae
924 4771 1143 4833 consulturum
1166 4779 1266 4850 putat.
1301 4768 1476 4849 Nunquam
1504 4766 1567 4828 ulla
1591 4787 1640 4827 res

186 4892 305 4955 magna
328 4876 395 4936 sine
418 4893 458 4936 eo
481 4875 591 4957 agitur.
627 4873 661 4935 ln
689 4877 793 4935 causis
823 4894 888 4936 non
917 4874 1063 4938 advocati
1091 4874 1148 4937 sed
1180 4877 1268 4935 testis
1299 4892 1381 4951 pene
1412 4871 1510 4932 fidem
1541 4871 1640 4932 affert.

185 4976 224 5040 Id
241 4977 312 5039 facit
333 4988 422 5040 aetas
444 4980 512 5040 eius
535 4989 643 5040 sancte
667 4980 853 5060 integreque
875 4990 1034 5042 transacta
1057 4989 1089 5040 et
1112 4979 1154 5039 ab
1178 4979 1266 5039 omni
1287 4977 1359 5038 labe
1382 4976 1502 5038 fraudis
1525 4987 1556 5036 et
1578 4975 1640 5035 cal-

184 5080 314 5143 liditatis
337 5099 469 5160 prorsus
499 5081 610 5144 aliena.
644 5081 761 5163 Neque
792 5093 899 5144 tamen
929 5084 990 5145 hae
1013 5085 1143 5145 virtutes
1174 5082 1363 5143 insolentem
1387 5090 1442 5142 aut
1465 5080 1640 5158 superbum

184 5183 333 5246 reddunt.
367 5183 492 5247 Faciles
521 5185 563 5247 ad
594 5186 758 5248 hominem
785 5187 900 5261 aditus,
923 5188 978 5250 dat
1000 5199 1091 5268 grata
1121 5205 1284 5267 responsa,
1307 5184 1528 5263 intempestive
1551 5202 1641 5244 acce-

184 5288 336 5351 dentibus
358 5307 425 5351 non
447 5289 597 5363 irascitur,
620 5291 768 5370 precibus
798 5293 981 5370 importune
1004 5310 1136 5372 operam
1160 5310 1251 5351 suam
1275 5289 1472 5371 exigentium
1496 5307 1562 5348 non
1585 5306 1640 5348 ex-
