3696 5836
873 363 964 423 1506.

281 581 466 644 Bemhardo
483 601 542 643 suo
559 581 763 643 Adelmauno
786 602 808 644 s.
825 601 855 660 p.
871 578 901 641 d.
923 579 992 643 Etsi
1014 579 1150 641 arbitror
1173 578 1318 641 nondum
1342 588 1374 640 te
1396 597 1439 640 ex
1454 576 1558 640 Gallia
1574 579 1653 651 sive,

194 698 228 749 ut
244 706 328 747 nunc
343 687 511 768 loquimur,
526 687 697 750 Germania
720 686 865 747 inferiore
887 685 1026 759 rediisse,
1042 695 1154 746 nactus
1177 693 1285 745 tamen
1306 685 1337 745 in
1352 685 1533 764 praesentia
1547 681 1652 744 tabel-

195 792 306 852 larium
330 792 414 854 volui
438 792 479 853 ad
502 803 534 855 te
557 793 700 855 scribere.
724 811 765 852 nc
794 794 826 852 in
855 792 990 870 patriam
1022 809 1173 862 reversus,
1196 790 1251 851 ubi
1274 789 1380 851 literas
1402 807 1492 849 meas
1515 788 1650 848 minime

194 899 355 969 invenires,
379 908 410 959 et
433 915 527 979 aegre
550 896 632 960 feras
662 908 693 959 et
723 896 946 979 negligentiam
978 914 1084 957 meam
1107 914 1214 957 rursus
1245 914 1384 969 accuses,
1407 896 1550 955 maxime
1572 912 1649 955 curn

196 1001 301 1063 literae
324 1015 407 1075 tuae,
431 1021 511 1082 quas
534 1013 698 1080 postremo
722 1001 763 1064 ad
787 1021 839 1063 me
854 1001 976 1075 dedisti,
1000 1003 1108 1063 nescio
1132 1000 1209 1082 quid
1236 1003 1347 1063 timere
1369 1010 1402 1062 te
1424 1000 1650 1080 solicitumque

194 1127 264 1169 esse
279 1111 411 1170 innuant
434 1110 662 1189 potiusquam
685 1106 869 1190 significent.
892 1103 1062 1168 Caeterum
1085 1123 1147 1186 ego
1170 1105 1263 1167 huius
1278 1106 1321 1167 tui
1338 1105 1460 1166 timoris
1475 1103 1650 1166 solicitudi-

194 1215 306 1293 nisque
321 1232 450 1274 causam
473 1215 625 1291 suspicari
648 1214 894 1292 coniecturaque
917 1213 1043 1289 assequi
1067 1211 1198 1271 minime
1221 1228 1363 1288 possum.
1387 1209 1472 1271 Nam
1495 1208 1587 1290 quod
1607 1208 1648 1270 ad

195 1336 313 1395 equum
330 1319 450 1389 attinet,
467 1319 573 1398 scripsi
597 1316 638 1378 ad
662 1330 692 1378 te
715 1318 838 1396 pridem
863 1335 994 1396 operam
1018 1334 1123 1376 meam
1148 1316 1202 1376 tibi
1227 1333 1432 1394 nequaquam
1448 1312 1649 1375 defuturam:

196 1423 319 1481 iuterim
336 1437 443 1482 autem
460 1420 538 1482 dum
555 1422 698 1483 audirem
713 1433 744 1482 te
760 1424 791 1481 in
807 1419 943 1483 Galliam
966 1420 1145 1498 profectum
1162 1439 1241 1493 esse,
1256 1438 1324 1481 rem
1344 1430 1492 1480 nontam
1511 1416 1650 1500 neglexi,

196 1544 292 1604 quarn
316 1528 346 1587 iu
370 1526 545 1587 adrentum
569 1536 660 1587 tuum
683 1524 786 1587 distuli
817 1536 964 1607 gesturus
994 1523 1151 1585 desiderio
1175 1534 1232 1585 tuo
1256 1542 1388 1597 morem,
1411 1542 1484 1584 cum
1507 1524 1651 1603 primum

195 1649 339 1692 reversus
361 1630 463 1692 fueris.
487 1630 601 1710 Neque
624 1631 686 1692 hoc
709 1641 855 1708 tempore
878 1630 957 1691 alius
981 1629 1054 1691 mihi
1079 1631 1203 1690 animus
1225 1638 1283 1692 est.
1313 1627 1437 1707 Quodsi
1461 1626 1540 1707 quid
1563 1626 1650 1689 aliud

194 1744 250 1807 ezr,
274 1754 340 1815 quo
363 1733 542 1809 offenderis,
566 1734 669 1808 facito,
693 1747 727 1796 ut
759 1733 844 1796 nude
874 1737 1075 1816 ingenueque
1105 1752 1233 1795 mecum
1263 1752 1350 1814 agas,
1373 1742 1405 1793 et
1433 1733 1459 1793 si
1489 1730 1571 1811 quid
1594 1750 1653 1810 per

195 1838 438 1917 imprudentiam
471 1859 523 1900 me
553 1839 723 1920 deliquisse
753 1858 892 1907 sensero,
916 1857 980 1898 non
1011 1837 1168 1899 dubitabo
1191 1838 1314 1897 veniam
1341 1845 1449 1916 petere
1472 1845 1504 1896 et
1527 1834 1585 1896 tibi
1609 1854 1653 1896 ex

194 1945 350 2003 sententia
374 1953 428 2004 tua
451 1943 639 2018 satisfacere,
663 1946 782 2024 quippe
813 1961 885 2003 cum
917 1940 1098 2003 huiusmodi
1129 1951 1203 2002 tuae
1230 1940 1446 2002 solicitudines
1469 1940 1652 2020 tacitaeque

194 2049 392 2126 suspiciones
424 2049 525 2131 magis
555 2067 607 2109 me
637 2059 757 2129 angant
787 2067 884 2128 quam
915 2046 1050 2109 aliorum
1080 2057 1210 2125 apertae
1240 2046 1419 2106 inimicitiae
1446 2045 1652 2125 iniuriaeque.

196 2152 291 2226 Libri,
312 2172 394 2233 quos
418 2152 493 2213 mihi
517 2153 636 2226 misisti,
652 2170 716 2213 una
739 2172 813 2214 cum
830 2150 929 2215 Suida
951 2152 1014 2212 iam
1037 2149 1161 2212 dudum
1185 2159 1298 2227 optato
1322 2148 1397 2210 milii
1421 2147 1558 2210 fideliter
1580 2147 1653 2210 red-

197 2256 252 2318 diti
267 2269 355 2318 sunt:
379 2256 525 2338 reliquos,
541 2255 583 2318 de
605 2259 721 2338 quibus
743 2257 860 2328 scribis
876 2276 920 2325 ea,
937 2275 1001 2336 qua
1016 2254 1115 2329 soleo,
1132 2253 1280 2315 aviditate
1299 2261 1447 2331 expecto.
1471 2251 1566 2325 Vale,
1583 2251 1654 2314 dul-

197 2364 321 2422 cissime
344 2361 537 2434 Bemharde,
560 2371 591 2421 et
615 2362 640 2422 si
664 2361 741 2440 quid
764 2363 795 2421 in
819 2359 921 2422 Gallia
945 2358 1076 2440 dignum
1107 2368 1287 2420 memoratu
1315 2358 1501 2438 cognovisti,
1525 2356 1577 2418 fac
1600 2376 1653 2418 me

197 2469 372 2528 certiorem.
395 2464 499 2527 Darae
524 2465 745 2544 Hassensteyn
768 2464 819 2527 29.
843 2463 988 2546 Augusti.

283 2656 353 2707 Prot
372 2655 528 2706 Adelmann
547 2655 655 2707 tenkrfrt
673 2655 708 2706 do
727 2653 875 2707 sevemlho
893 2653 1035 2705 Nemeelra
1054 2669 1084 2703 se
1103 2650 1192 2720 vydal,
1211 2667 1226 2703 z
1242 2649 1483 2717 korrespondence
1503 2649 1567 2701 nasi
1588 2648 1654 2701 neni

198 2742 304 2810 zjevno.
323 2745 347 2795 ()
367 2741 431 2795 11οηί
450 2741 514 2810 byla
532 2741 644 2794 zminlra
662 2758 679 2792 v
698 2740 762 2794 listu
783 2740 840 2803 128,
860 2758 876 2791 o
895 2738 1010 2793 Suidovi
1028 2757 1046 2791 v
1063 2739 1162 2791 listech
1182 2736 1231 2789 1‘21
1250 2754 1267 2789 a
1286 2735 1344 2790 123.

888 3040 958 3104 128.

487 3196 707 3270 Bohuslav
735 3196 975 3293 Augustinu
1003 3191 1353 3270 Olomouckemu.

283 3388 303 3443 Ζ
323 3387 477 3446 118811101111
496 3389 589 3454 (151111)
607 3417 637 3425 -
655 3389 690 3442 15.
710 3386 777 3443 zali.
799 3386 946 3440 Ponevadi
966 3385 1099 3439 Kadanstt
1116 3384 1199 3452 jedou
1218 3383 1253 3435 do
1272 3381 1389 3444 Budfna,
1407 3378 1527 3448 pouifva
1544 3378 1654 3448 pineti·

195 3477 261 3528 tosti
280 3477 316 3540 te,
329 3477 384 3544 aby
400 3475 436 3543 jej
456 3478 521 3543 opit
539 3493 556 3528 ο
574 3492 644 3528 svou
662 3474 775 3544 vy'platu
795 3474 952 3542 upomenul‚
969 3473 1012 3541 jez
1031 3475 1081 3542 pry
1100 3473 1194 3525 mohla
1212 3470 1248 3539 by
1261 3470 1392 3539 vylizena
1409 3466 1468 3536 biti
1486 3467 1653 3533 uberslrvmi

195 3565 267 3632 voly.
295 3564 371 3616 Talre
390 3580 407 3616 o
426 3564 575 3617 Plutarcha
594 3563 733 3632 upomIna,
752 3578 770 3615 a
787 3561 856 3615 iada
874 3579 907 3615 za
925 3561 1027 3630 zpravy
1046 3578 1062 3614 o
1081 3560 1186 3614 vecech
1212 3557 1377 3625 uberslry'ch‚
1397 3556 1406 3609 i
1424 3555 1580 3624 doporoudi
1600 3555 1654 3608 Ka·

195 3651 307 3705 dailskd.
325 3652 404 3719 (Luc.
425 3651 517 3718 lter.)

280 3828 422 3890 Domino
439 3827 620 3911 Augustino
644 3827 777 3889 llloravo
801 3838 858 3889 etc.
875 3847 898 3888 s.
916 3847 945 3906 p.
962 3827 991 3889 d.
1016 3826 1090 3888 Non
1114 3844 1185 3887 sum
1208 3835 1274 3886 tam
1298 3825 1435 3896 insanus
1458 3819 1653 3903 Augustine,

195 3946 228 3996 ut
259 3937 290 3994 in
321 3933 382 3995 boc
413 3935 618 3995 acerbissimo
649 3932 733 3994 luctu
757 3944 861 3993 vestro
892 3934 981 4010 stipis
1011 3950 1102 3992 meae
1133 3931 1328 3991 mentionem
1359 3926 1460 3988 facere
1490 3924 1652 3987 audeam:

193 4041 346 4118 quoniam
370 4052 477 4101 tamen
493 4036 699 4100 Cadanenses
722 4040 752 4097 in
777 4040 954 4115 praesentia
970 4036 1093 4097 Budam
1118 4033 1368 4114 proficiscuntur,
1390 4031 1571 4092 existimavi
1596 4031 1652 4092 mi·

193 4145 277 4204 nime
302 4164 353 4203 me
370 4155 538 4221 propterea
561 4145 778 4223 importunum
802 4142 876 4215 fore,
893 4143 918 4202 si
933 4160 999 4202 non
1022 4151 1088 4201 tam
1105 4139 1238 4221 Regiam
1254 4136 1455 4200 Maiestatem
1480 4153 1652 4209 monuero,

194 4267 291 4326 quam
307 4248 363 4308 tibi
382 4258 631 4329 suggesserant
654 4249 834 4308 memineris
857 4249 927 4319 mei,
944 4249 968 4306 si
985 4244 1116 4326 quando
1139 4263 1210 4305 sese
1233 4242 1382 4304 obtulerit
1401 4240 1538 4301 occasio.
1562 4237 1652 4301 Nam

192 4353 250 4412 etsi
273 4372 438 4432 nunquam
462 4352 537 4412 mihi
560 4351 693 4412 dubium
717 4351 781 4425 fuit,
799 4370 864 4432 quo
887 4370 961 4432 erga
984 4370 1036 4410 me
1059 4350 1166 4410 animo
1189 4351 1239 4422 sis,
1254 4366 1367 4409 vereor
1388 4355 1506 4417 tamen,
1522 4362 1563 4403 ne
1587 4343 1652 4406 sub

193 4467 280 4517 tanta
304 4477 409 4517 rerum
433 4455 518 4517 mole
541 4459 594 4516 rix
616 4455 777 4518 interdum
800 4455 842 4517 ad
865 4455 982 4516 leviora
1005 4455 1083 4516 baec
1106 4454 1260 4515 divertere
1283 4453 1395 4532 possis.
1419 4448 1492 4528 Qua
1515 4449 1547 4508 in
1572 4468 1609 4509 re
1626 4450 1654 4510 si

193 4561 290 4628 fallor,
314 4561 442 4641 gaudeo
472 4580 657 4639 precorque,
682 4573 717 4623 ut
740 4562 821 4622 lianc
851 4579 956 4620 meam
986 4562 1126 4638 ineptam
1158 4560 1287 4620 forsitan
1316 4555 1515 4618 timiditatem
1540 4571 1654 4634 aequo

193 4669 301 4726 auimo
326 4669 415 4726 feras.
440 4664 483 4726 Ut
500 4667 583 4725 enim
609 4679 718 4744 aperte
741 4666 847 4735 fatear,
864 4683 936 4725 cum
953 4665 1168 4742 superioribus
1191 4663 1304 4724 diebus
1329 4663 1359 4721 in
1382 4677 1454 4720 eam
1478 4675 1572 4736 spem
1590 4659 1654 4719 abs

193 4783 224 4831 te
248 4772 411 4833 coniectus
435 4793 547 4847 essem,
564 4773 654 4853 quasi
677 4771 718 4832 ad
742 4771 826 4832 diem
851 4771 912 4831 divi
937 4768 1066 4849 Georgii
1091 4768 1164 4828 mihi
1188 4769 1286 4845 stipes
1310 4784 1381 4825 mea
1404 4761 1483 4823 solvi
1503 4760 1653 4837 deberet,

194 4895 259 4935 uon
282 4896 413 4954 possum
446 4897 511 4937 non
543 4879 647 4937 mirari
679 4895 731 4936 me
761 4876 863 4936 nullas
894 4893 1022 4953 prorsus
1052 4893 1088 4933 ea
1118 4872 1159 4933 de
1189 4892 1223 4933 re
1250 4881 1340 4932 tanto
1363 4879 1509 4946 tempore
1532 4866 1596 4927 abs
1620 4879 1654 4929 te

193 4980 296 5040 literas
319 4983 486 5058 accepisse.
512 4981 606 5041 Hauc
630 4992 738 5041 tamen
762 4979 888 5057 culpam
912 4990 1001 5039 tuam
1019 4975 1088 5060 ised
1105 4971 1213 5057 quaml
1232 4974 1343 5035 saltem
1368 4970 1455 5032 facile
1472 4969 1653 5032 emendare

193 5086 319 5162 poteris,
343 5086 367 5143 si
395 5084 442 5143 vel
471 5084 531 5144 boc
562 5094 706 5162 tempore
738 5102 868 5162 operam
899 5094 986 5143 tuam
1018 5081 1092 5142 milri
1124 5098 1220 5157 saepe
1251 5078 1440 5155 promissam
1471 5078 1653 5137 navaveris

193 5186 300 5248 Audio
324 5206 398 5246 nam
423 5190 453 5247 in
478 5189 638 5248 nativitate
662 5189 736 5267 regii
760 5189 848 5264 pueri
874 5205 1024 5266 magnam
1047 5188 1109 5246 vim
1134 5187 1233 5245 bourn
1257 5183 1375 5263 Regiae
1398 5178 1558 5240 Maiestati
1581 5179 1653 5241 col·

194 5294 289 5353 latam
313 5310 390 5362 esse¹
416 5292 531 5372 quibus
555 5291 695 5351 fortassis
726 5290 802 5351 mihi
830 5289 973 5351 satisfieri
1004 5301 1122 5369 posset,
1145 5291 1170 5351 si
1193 5289 1264 5368 quis
1294 5283 1471 5348 commodo
1497 5293 1652 5362 tempore
