<?xml version="1.0" encoding="UTF-8"?>
<!DOCTYPE html PUBLIC "-//W3C//DTD XHTML 1.0 Transitional//EN"
    "http://www.w3.org/TR/xhtml1/DTD/xhtml1-transitional.dtd">
<html xmlns="http://www.w3.org/1999/xhtml" xml:lang="en" lang="en">
 <head>
  <title>
</title>
<meta http-equiv="Content-Type" content="text/html;charset=utf-8" />
  <meta name='ocr-system' content='tesseract 3.04.00' />
  <meta name='ocr-capabilities' content='ocr_page ocr_carea ocr_par ocr_line ocrx_word'/>
</head>
<body>
  <div class='ocr_page' id='page_1' title='image "./listbohuslavaha00truhgoog_0154.png"; bbox 0 0 3696 5836; ppageno 0'>
   <div class='ocr_carea' id='block_1_1' title="bbox 196 398 965 459">
    <p class='ocr_par' dir='ltr' id='par_1_1' title="bbox 196 398 965 459">
     <span class='ocr_line' id='line_1_1' title="bbox 196 398 965 459; baseline 0.005 -4"><span class='ocrx_word' id='word_1_1' title='bbox 196 400 248 456; x_wconf 77' lang='lat'>132</span> <span class='ocrx_word' id='word_1_2' title='bbox 871 398 965 459; x_wconf 71' lang='lat'>1502</span> 
     </span>
    </p>
   </div>
   <div class='ocr_carea' id='block_1_2' title="bbox 194 610 1652 2240">
    <p class='ocr_par' dir='ltr' id='par_1_2' title="bbox 194 610 1652 2240">
     <span class='ocr_line' id='line_1_2' title="bbox 196 610 1651 694; baseline -0.001 -19"><span class='ocrx_word' id='word_1_3' title='bbox 196 613 391 694; x_wconf 85' lang='lat' dir='ltr'>pollicentur,</span> <span class='ocrx_word' id='word_1_4' title='bbox 421 612 477 675; x_wconf 89' lang='lat' dir='ltr'>sed</span> <span class='ocrx_word' id='word_1_5' title='bbox 502 614 598 674; x_wconf 92' lang='lat' dir='ltr'>etiam</span> <span class='ocrx_word' id='word_1_6' title='bbox 622 613 802 693; x_wconf 84' lang='lat' dir='ltr'><strong>ingentibus</strong></span> <span class='ocrx_word' id='word_1_7' title='bbox 825 613 980 675; x_wconf 90' lang='lat' dir='ltr'>classibus</span> <span class='ocrx_word' id='word_1_8' title='bbox 1007 631 1042 673; x_wconf 90' lang='lat' dir='ltr'>se</span> <span class='ocrx_word' id='word_1_9' title='bbox 1065 612 1169 674; x_wconf 81' lang='lat' dir='ltr'>littora</span> <span class='ocrx_word' id='word_1_10' title='bbox 1192 610 1333 675; x_wconf 86' lang='lat' dir='ltr'>Asiatica</span> <span class='ocrx_word' id='word_1_11' title='bbox 1355 623 1531 676; x_wconf 88' lang='lat' dir='ltr'>vexaturos</span> <span class='ocrx_word' id='word_1_12' title='bbox 1553 615 1651 683; x_wconf 74' lang='lat' dir='ltr'>aiunt</span> 
     </span>
     <span class='ocr_line' id='line_1_3' title="bbox 196 717 1651 799; baseline -0.001 -20"><span class='ocrx_word' id='word_1_13' title='bbox 196 728 390 799; x_wconf 82' lang='lat' dir='ltr'>putaturque</span> <span class='ocrx_word' id='word_1_14' title='bbox 417 717 517 779; x_wconf 88' lang='lat' dir='ltr'>hostis</span> <span class='ocrx_word' id='word_1_15' title='bbox 547 728 665 791; x_wconf 88' lang='lat' dir='ltr'>noster,</span> <span class='ocrx_word' id='word_1_16' title='bbox 696 737 881 798; x_wconf 86' lang='lat' dir='ltr'>quanquam</span> <span class='ocrx_word' id='word_1_17' title='bbox 912 718 1152 797; x_wconf 91' lang='lat' dir='ltr'>potentissimus</span> <span class='ocrx_word' id='word_1_18' title='bbox 1181 728 1238 792; x_wconf 87' lang='lat' dir='ltr'>est,</span> <span class='ocrx_word' id='word_1_19' title='bbox 1268 727 1377 779; x_wconf 90' lang='lat' dir='ltr'>tantos</span> <span class='ocrx_word' id='word_1_20' title='bbox 1400 727 1483 778; x_wconf 90' lang='lat' dir='ltr'>terra</span> <span class='ocrx_word' id='word_1_21' title='bbox 1505 718 1651 798; x_wconf 88' lang='lat' dir='ltr'>marique</span> 
     </span>
     <span class='ocr_line' id='line_1_4' title="bbox 196 804 1651 904; baseline -0.001 -19"><span class='ocrx_word' id='word_1_22' title='bbox 196 819 447 885; x_wconf 83' lang='lat' dir='ltr'>Christianorum</span> <span class='ocrx_word' id='word_1_23' title='bbox 470 831 643 901; x_wconf 89' lang='lat' dir='ltr'>apparatus</span> <span class='ocrx_word' id='word_1_24' title='bbox 665 822 718 882; x_wconf 90' lang='lat' dir='ltr'>vix</span> <span class='ocrx_word' id='word_1_25' title='bbox 740 822 940 883; x_wconf 84' lang='lat' dir='ltr'>toleraturus.</span> <span class='ocrx_word' id='word_1_26' title='bbox 970 821 1024 882; x_wconf 89' lang='lat' dir='ltr'>Ille</span> <span class='ocrx_word' id='word_1_27' title='bbox 1047 804 1180 901; x_wconf 79' lang='lat' dir='ltr'>quidem</span> <span class='ocrx_word' id='word_1_28' title='bbox 1203 817 1252 902; x_wconf 90' lang='lat' dir='ltr'>(ut</span> <span class='ocrx_word' id='word_1_29' title='bbox 1275 820 1359 884; x_wconf 87' lang='lat' dir='ltr'>sama</span> <span class='ocrx_word' id='word_1_30' title='bbox 1381 817 1443 904; x_wconf 91' lang='lat' dir='ltr'>est)</span> <span class='ocrx_word' id='word_1_31' title='bbox 1467 832 1500 883; x_wconf 96' lang='lat' dir='ltr'>et</span> <span class='ocrx_word' id='word_1_32' title='bbox 1530 822 1651 884; x_wconf 86' lang='lat' dir='ltr'>classes</span> 
     </span>
     <span class='ocr_line' id='line_1_5' title="bbox 195 923 1650 1006; baseline -0.001 -19"><span class='ocrx_word' id='word_1_33' title='bbox 195 928 286 989; x_wconf 90' lang='lat' dir='ltr'>struit</span> <span class='ocrx_word' id='word_1_34' title='bbox 317 938 348 989; x_wconf 92' lang='lat' dir='ltr'>et</span> <span class='ocrx_word' id='word_1_35' title='bbox 379 925 494 988; x_wconf 88' lang='lat' dir='ltr'>milites</span> <span class='ocrx_word' id='word_1_36' title='bbox 524 924 674 988; x_wconf 89' lang='lat' dir='ltr'>conducit</span> <span class='ocrx_word' id='word_1_37' title='bbox 705 937 737 986; x_wconf 92' lang='lat' dir='ltr'>et</span> <span class='ocrx_word' id='word_1_38' title='bbox 766 923 985 986; x_wconf 86' lang='lat' dir='ltr'>incredibilem</span> <span class='ocrx_word' id='word_1_39' title='bbox 1016 925 1233 987; x_wconf 90' lang='lat' dir='ltr'>machinarum</span> <span class='ocrx_word' id='word_1_40' title='bbox 1261 937 1564 1006; x_wconf 82' lang='lat' dir='ltr'>tormentorumque</span> <span class='ocrx_word' id='word_1_41' title='bbox 1587 927 1650 986; x_wconf 87' lang='lat' dir='ltr'>vim</span> 
     </span>
     <span class='ocr_line' id='line_1_6' title="bbox 195 1026 1651 1113; baseline -0.001 -22"><span class='ocrx_word' id='word_1_42' title='bbox 195 1040 383 1113; x_wconf 88' lang='lat' dir='ltr'>congregat:</span> <span class='ocrx_word' id='word_1_43' title='bbox 407 1029 465 1091; x_wconf 91' lang='lat' dir='ltr'>sed</span> <span class='ocrx_word' id='word_1_44' title='bbox 488 1040 597 1092; x_wconf 88' lang='lat' dir='ltr'>tamen</span> <span class='ocrx_word' id='word_1_45' title='bbox 621 1030 646 1091; x_wconf 93' lang='lat' dir='ltr'>si</span> <span class='ocrx_word' id='word_1_46' title='bbox 668 1027 758 1090; x_wconf 92' lang='lat' dir='ltr'>Deus</span> <span class='ocrx_word' id='word_1_47' title='bbox 780 1028 956 1103; x_wconf 91' lang='lat' dir='ltr'>nobiscum,</span> <span class='ocrx_word' id='word_1_48' title='bbox 980 1032 1052 1110; x_wconf 92' lang='lat' dir='ltr'>quis</span> <span class='ocrx_word' id='word_1_49' title='bbox 1075 1040 1186 1092; x_wconf 88' lang='lat' dir='ltr'>contra</span> <span class='ocrx_word' id='word_1_50' title='bbox 1208 1029 1286 1091; x_wconf 84' lang='lat' dir='ltr'>nos?</span> <span class='ocrx_word' id='word_1_51' title='bbox 1322 1026 1450 1090; x_wconf 92' lang='lat' dir='ltr'>Vellem</span> <span class='ocrx_word' id='word_1_52' title='bbox 1473 1039 1593 1102; x_wconf 88' lang='lat' dir='ltr'>autem,</span> <span class='ocrx_word' id='word_1_53' title='bbox 1617 1040 1651 1091; x_wconf 90' lang='lat' dir='ltr'>ut</span> 
     </span>
     <span class='ocr_line' id='line_1_7' title="bbox 195 1132 1651 1215; baseline -0.001 -20"><span class='ocrx_word' id='word_1_54' title='bbox 195 1146 250 1197; x_wconf 92' lang='lat' dir='ltr'>tua</span> <span class='ocrx_word' id='word_1_55' title='bbox 274 1150 404 1215; x_wconf 89' lang='lat' dir='ltr'>quoque</span> <span class='ocrx_word' id='word_1_56' title='bbox 427 1132 599 1196; x_wconf 88' lang='lat' dir='ltr'>Germania</span> <span class='ocrx_word' id='word_1_57' title='bbox 622 1134 777 1195; x_wconf 87' lang='lat' dir='ltr'>intestinis</span> <span class='ocrx_word' id='word_1_58' title='bbox 800 1132 1009 1194; x_wconf 87' lang='lat' dir='ltr'>seditionibus</span> <span class='ocrx_word' id='word_1_59' title='bbox 1032 1135 1145 1211; x_wconf 90' lang='lat' dir='ltr'>positis</span> <span class='ocrx_word' id='word_1_60' title='bbox 1166 1144 1199 1196; x_wconf 92' lang='lat' dir='ltr'>et</span> <span class='ocrx_word' id='word_1_61' title='bbox 1222 1133 1366 1215; x_wconf 85' lang='lat' dir='ltr'>lethargo</span> <span class='ocrx_word' id='word_1_62' title='bbox 1387 1133 1458 1205; x_wconf 87' lang='lat' dir='ltr'>hoc,</span> <span class='ocrx_word' id='word_1_63' title='bbox 1490 1153 1558 1214; x_wconf 94' lang='lat' dir='ltr'>quo</span> <span class='ocrx_word' id='word_1_64' title='bbox 1581 1153 1651 1214; x_wconf 88' lang='lat' dir='ltr'>pre-</span> 
     </span>
     <span class='ocr_line' id='line_1_8' title="bbox 196 1233 1651 1318; baseline 0 -20"><span class='ocrx_word' id='word_1_65' title='bbox 196 1240 298 1311; x_wconf 90' lang='lat' dir='ltr'>mitur,</span> <span class='ocrx_word' id='word_1_66' title='bbox 328 1256 467 1300; x_wconf 89' lang='lat' dir='ltr'>excusso</span> <span class='ocrx_word' id='word_1_67' title='bbox 490 1236 531 1299; x_wconf 89' lang='lat' dir='ltr'>ad</span> <span class='ocrx_word' id='word_1_68' title='bbox 559 1238 695 1298; x_wconf 92' lang='lat' dir='ltr'>vicinum</span> <span class='ocrx_word' id='word_1_69' title='bbox 719 1236 900 1299; x_wconf 88' lang='lat' dir='ltr'>incendium</span> <span class='ocrx_word' id='word_1_70' title='bbox 924 1235 1179 1318; x_wconf 90' lang='lat' dir='ltr'>extinguendum</span> <span class='ocrx_word' id='word_1_71' title='bbox 1201 1235 1350 1298; x_wconf 89' lang='lat' dir='ltr'>confluat.</span> <span class='ocrx_word' id='word_1_72' title='bbox 1388 1233 1531 1299; x_wconf 89' lang='lat' dir='ltr'>Subacta</span> <span class='ocrx_word' id='word_1_73' title='bbox 1555 1238 1651 1311; x_wconf 92' lang='lat' dir='ltr'>enim,</span> 
     </span>
     <span class='ocr_line' id='line_1_9' title="bbox 196 1339 1651 1423; baseline -0.002 -19"><span class='ocrx_word' id='word_1_74' title='bbox 196 1342 285 1423; x_wconf 92' lang='lat' dir='ltr'>quod</span> <span class='ocrx_word' id='word_1_75' title='bbox 309 1342 398 1405; x_wconf 92' lang='lat' dir='ltr'>Deus</span> <span class='ocrx_word' id='word_1_76' title='bbox 413 1341 601 1404; x_wconf 90' lang='lat' dir='ltr'>immortalis</span> <span class='ocrx_word' id='word_1_77' title='bbox 616 1351 746 1415; x_wconf 91' lang='lat' dir='ltr'>avertat,</span> <span class='ocrx_word' id='word_1_78' title='bbox 770 1341 934 1403; x_wconf 90' lang='lat' dir='ltr'>Pannonia</span> <span class='ocrx_word' id='word_1_79' title='bbox 949 1359 1067 1416; x_wconf 90' lang='lat' dir='ltr'>vereor,</span> <span class='ocrx_word' id='word_1_80' title='bbox 1090 1360 1130 1403; x_wconf 92' lang='lat' dir='ltr'>ne</span> <span class='ocrx_word' id='word_1_81' title='bbox 1145 1340 1187 1403; x_wconf 90' lang='lat' dir='ltr'>de</span> <span class='ocrx_word' id='word_1_82' title='bbox 1202 1339 1375 1403; x_wconf 89' lang='lat' dir='ltr'>Germania</span> <span class='ocrx_word' id='word_1_83' title='bbox 1392 1359 1526 1421; x_wconf 89' lang='lat' dir='ltr'>quoque</span> <span class='ocrx_word' id='word_1_84' title='bbox 1542 1354 1651 1403; x_wconf 87' lang='lat' dir='ltr'>actum</span> 
     </span>
     <span class='ocr_line' id='line_1_10' title="bbox 195 1443 1652 1527; baseline 0 -20"><span class='ocrx_word' id='word_1_85' title='bbox 195 1451 243 1519; x_wconf 87' lang='lat' dir='ltr'>sit,</span> <span class='ocrx_word' id='word_1_86' title='bbox 266 1449 407 1508; x_wconf 88' lang='lat' dir='ltr'>maxime</span> <span class='ocrx_word' id='word_1_87' title='bbox 429 1448 461 1508; x_wconf 92' lang='lat' dir='ltr'>in</span> <span class='ocrx_word' id='word_1_88' title='bbox 484 1448 579 1508; x_wconf 91' lang='lat' dir='ltr'>tantis</span> <span class='ocrx_word' id='word_1_89' title='bbox 600 1446 778 1524; x_wconf 85' lang='lat' dir='ltr'>principum</span> <span class='ocrx_word' id='word_1_90' title='bbox 802 1445 1062 1525; x_wconf 88' lang='lat' dir='ltr'>populorumque</span> <span class='ocrx_word' id='word_1_91' title='bbox 1085 1446 1344 1507; x_wconf 88' lang='lat' dir='ltr'>contentionibus</span> <span class='ocrx_word' id='word_1_92' title='bbox 1367 1457 1397 1507; x_wconf 97' lang='lat' dir='ltr'>et</span> <span class='ocrx_word' id='word_1_93' title='bbox 1420 1443 1574 1527; x_wconf 85' lang='lat' dir='ltr'>Augusto</span> <span class='ocrx_word' id='word_1_94' title='bbox 1590 1445 1652 1507; x_wconf 90' lang='lat' dir='ltr'>hoc</span> 
     </span>
     <span class='ocr_line' id='line_1_11' title="bbox 196 1548 1652 1630; baseline -0.001 -17"><span class='ocrx_word' id='word_1_95' title='bbox 196 1564 307 1614; x_wconf 92' lang='lat' dir='ltr'>nostro</span> <span class='ocrx_word' id='word_1_96' title='bbox 330 1562 461 1630; x_wconf 90' lang='lat' dir='ltr'>parente</span> <span class='ocrx_word' id='word_1_97' title='bbox 485 1551 591 1629; x_wconf 94' lang='lat' dir='ltr'>potius</span> <span class='ocrx_word' id='word_1_98' title='bbox 614 1568 711 1628; x_wconf 85' lang='lat' dir='ltr'>quam</span> <span class='ocrx_word' id='word_1_99' title='bbox 734 1551 918 1627; x_wconf 89' lang='lat' dir='ltr'>imperante.</span> <span class='ocrx_word' id='word_1_100' title='bbox 956 1548 1028 1610; x_wconf 84' lang='lat' dir='ltr'>Rex</span> <span class='ocrx_word' id='word_1_101' title='bbox 1055 1561 1165 1611; x_wconf 90' lang='lat' dir='ltr'>noster</span> <span class='ocrx_word' id='word_1_102' title='bbox 1194 1561 1268 1628; x_wconf 89' lang='lat' dir='ltr'>post</span> <span class='ocrx_word' id='word_1_103' title='bbox 1294 1550 1437 1612; x_wconf 90' lang='lat' dir='ltr'>solennia</span> <span class='ocrx_word' id='word_1_104' title='bbox 1460 1548 1652 1611; x_wconf 90' lang='lat' dir='ltr'>Dominicae</span> 
     </span>
     <span class='ocr_line' id='line_1_12' title="bbox 195 1651 1651 1732; baseline -0.002 -15"><span class='ocrx_word' id='word_1_105' title='bbox 195 1657 432 1718; x_wconf 89' lang='lat' dir='ltr'>resurrectionis</span> <span class='ocrx_word' id='word_1_106' title='bbox 456 1654 653 1716; x_wconf 89' lang='lat' dir='ltr'>Pannoniam</span> <span class='ocrx_word' id='word_1_107' title='bbox 685 1653 842 1714; x_wconf 89' lang='lat' dir='ltr'>rediturus</span> <span class='ocrx_word' id='word_1_108' title='bbox 868 1665 924 1716; x_wconf 90' lang='lat' dir='ltr'>est.</span> <span class='ocrx_word' id='word_1_109' title='bbox 962 1651 1148 1715; x_wconf 86' lang='lat' dir='ltr'>Comitabor</span> <span class='ocrx_word' id='word_1_110' title='bbox 1178 1654 1307 1715; x_wconf 78' lang='lat' dir='ltr'>forsitan</span> <span class='ocrx_word' id='word_1_111' title='bbox 1331 1664 1362 1714; x_wconf 93' lang='lat' dir='ltr'>et</span> <span class='ocrx_word' id='word_1_112' title='bbox 1385 1655 1453 1732; x_wconf 91' lang='lat' dir='ltr'>ipse</span> <span class='ocrx_word' id='word_1_113' title='bbox 1475 1653 1651 1727; x_wconf 89' lang='lat' dir='ltr'>hominem,</span> 
     </span>
     <span class='ocr_line' id='line_1_13' title="bbox 196 1756 1651 1842; baseline -0.002 -20"><span class='ocrx_word' id='word_1_114' title='bbox 196 1773 250 1823; x_wconf 88' lang='lat' dir='ltr'>aut</span> <span class='ocrx_word' id='word_1_115' title='bbox 273 1763 298 1821; x_wconf 91' lang='lat' dir='ltr'>si</span> <span class='ocrx_word' id='word_1_116' title='bbox 323 1760 399 1842; x_wconf 90' lang='lat' dir='ltr'>quid</span> <span class='ocrx_word' id='word_1_117' title='bbox 424 1757 610 1839; x_wconf 86' lang='lat' dir='ltr'>impedierit,</span> <span class='ocrx_word' id='word_1_118' title='bbox 633 1756 824 1838; x_wconf 87' lang='lat' dir='ltr'>propediem</span> <span class='ocrx_word' id='word_1_119' title='bbox 840 1757 912 1818; x_wconf 86' lang='lat' dir='ltr'>Deo</span> <span class='ocrx_word' id='word_1_120' title='bbox 927 1756 1098 1819; x_wconf 87' lang='lat' dir='ltr'>adiuvante</span> <span class='ocrx_word' id='word_1_121' title='bbox 1113 1777 1236 1837; x_wconf 89' lang='lat' dir='ltr'>sequar,</span> <span class='ocrx_word' id='word_1_122' title='bbox 1260 1757 1447 1837; x_wconf 92' lang='lat' dir='ltr'>tamdiuque</span> <span class='ocrx_word' id='word_1_123' title='bbox 1462 1760 1496 1818; x_wconf 95' lang='lat' dir='ltr'>in</span> <span class='ocrx_word' id='word_1_124' title='bbox 1513 1777 1651 1819; x_wconf 90' lang='lat' dir='ltr'>numero</span> 
     </span>
     <span class='ocr_line' id='line_1_14' title="bbox 196 1861 1652 1944; baseline -0.004 -16"><span class='ocrx_word' id='word_1_125' title='bbox 196 1865 370 1928; x_wconf 90' lang='lat' dir='ltr'>aulicorum</span> <span class='ocrx_word' id='word_1_126' title='bbox 393 1883 458 1938; x_wconf 91' lang='lat' dir='ltr'>ero,</span> <span class='ocrx_word' id='word_1_127' title='bbox 482 1862 637 1944; x_wconf 90' lang='lat' dir='ltr'>quamdiu</span> <span class='ocrx_word' id='word_1_128' title='bbox 661 1863 794 1924; x_wconf 91' lang='lat' dir='ltr'>honeste</span> <span class='ocrx_word' id='word_1_129' title='bbox 818 1864 956 1942; x_wconf 88' lang='lat' dir='ltr'>receptui</span> <span class='ocrx_word' id='word_1_130' title='bbox 980 1880 1093 1922; x_wconf 89' lang='lat' dir='ltr'>canere</span> <span class='ocrx_word' id='word_1_131' title='bbox 1116 1881 1182 1923; x_wconf 94' lang='lat' dir='ltr'>non</span> <span class='ocrx_word' id='word_1_132' title='bbox 1203 1873 1326 1943; x_wconf 89' lang='lat' dir='ltr'>potero.</span> <span class='ocrx_word' id='word_1_133' title='bbox 1358 1861 1426 1923; x_wconf 90' lang='lat' dir='ltr'>Nec</span> <span class='ocrx_word' id='word_1_134' title='bbox 1447 1863 1574 1923; x_wconf 89' lang='lat' dir='ltr'>interim</span> <span class='ocrx_word' id='word_1_135' title='bbox 1598 1862 1652 1923; x_wconf 91' lang='lat' dir='ltr'>de-</span> 
     </span>
     <span class='ocr_line' id='line_1_15' title="bbox 194 1965 1649 2048; baseline -0.004 -17"><span class='ocrx_word' id='word_1_136' title='bbox 194 1971 305 2031; x_wconf 91' lang='lat' dir='ltr'>sistam</span> <span class='ocrx_word' id='word_1_137' title='bbox 329 1968 406 2031; x_wconf 88' lang='lat' dir='ltr'>dare</span> <span class='ocrx_word' id='word_1_138' title='bbox 429 1986 571 2046; x_wconf 90' lang='lat' dir='ltr'>operam,</span> <span class='ocrx_word' id='word_1_139' title='bbox 594 1978 628 2029; x_wconf 93' lang='lat' dir='ltr'>ut</span> <span class='ocrx_word' id='word_1_140' title='bbox 652 1967 726 2028; x_wconf 90' lang='lat' dir='ltr'>mibi</span> <span class='ocrx_word' id='word_1_141' title='bbox 750 1968 954 2048; x_wconf 88' lang='lat' dir='ltr'>inreligioso</span> <span class='ocrx_word' id='word_1_142' title='bbox 978 1967 1178 2046; x_wconf 89' lang='lat' dir='ltr'>literarioque</span> <span class='ocrx_word' id='word_1_143' title='bbox 1202 1968 1269 2029; x_wconf 93' lang='lat' dir='ltr'>otio</span> <span class='ocrx_word' id='word_1_144' title='bbox 1292 1984 1525 2028; x_wconf 89' lang='lat' dir='ltr'>consenescere</span> <span class='ocrx_word' id='word_1_145' title='bbox 1549 1965 1649 2028; x_wconf 92' lang='lat' dir='ltr'>liceat.</span> 
     </span>
     <span class='ocr_line' id='line_1_16' title="bbox 196 2069 1651 2152; baseline -0.004 -16"><span class='ocrx_word' id='word_1_146' title='bbox 196 2074 286 2147; x_wconf 85' lang='lat' dir='ltr'>Vale,</span> <span class='ocrx_word' id='word_1_147' title='bbox 314 2073 496 2135; x_wconf 88' lang='lat' dir='ltr'>dulcissime</span> <span class='ocrx_word' id='word_1_148' title='bbox 519 2072 710 2143; x_wconf 86' lang='lat' dir='ltr'>Bemharde,</span> <span class='ocrx_word' id='word_1_149' title='bbox 741 2083 773 2132; x_wconf 92' lang='lat' dir='ltr'>et</span> <span class='ocrx_word' id='word_1_150' title='bbox 804 2072 888 2133; x_wconf 92' lang='lat' dir='ltr'>hunc</span> <span class='ocrx_word' id='word_1_151' title='bbox 918 2074 1064 2133; x_wconf 89' lang='lat' dir='ltr'>nuntium</span> <span class='ocrx_word' id='word_1_152' title='bbox 1094 2072 1203 2152; x_wconf 92' lang='lat' dir='ltr'>aliquo</span> <span class='ocrx_word' id='word_1_153' title='bbox 1225 2081 1377 2132; x_wconf 91' lang='lat' dir='ltr'>onustum</span> <span class='ocrx_word' id='word_1_154' title='bbox 1401 2070 1508 2132; x_wconf 87' lang='lat' dir='ltr'>libello</span> <span class='ocrx_word' id='word_1_155' title='bbox 1532 2069 1574 2132; x_wconf 91' lang='lat' dir='ltr'>ad</span> <span class='ocrx_word' id='word_1_156' title='bbox 1600 2090 1651 2131; x_wconf 91' lang='lat' dir='ltr'>me</span> 
     </span>
     <span class='ocr_line' id='line_1_17' title="bbox 196 2175 547 2240; baseline -0.003 -1"><span class='ocrx_word' id='word_1_157' title='bbox 196 2180 328 2240; x_wconf 83' lang='lat' dir='ltr'>remitte.</span> <span class='ocrx_word' id='word_1_158' title='bbox 352 2177 457 2240; x_wconf 86' lang='lat' dir='ltr'>Martii</span> <span class='ocrx_word' id='word_1_159' title='bbox 479 2175 547 2238; x_wconf 88' lang='lat' dir='ltr'>Xll.</span> 
     </span>
    </p>
   </div>
   <div class='ocr_carea' id='block_1_3' title="bbox 283 2362 1651 2431">
    <p class='ocr_par' dir='ltr' id='par_1_3' title="bbox 283 2362 1651 2431">
     <span class='ocr_line' id='line_1_18' title="bbox 283 2362 1651 2431; baseline -0.003 -14"><span class='ocrx_word' id='word_1_160' title='bbox 283 2366 323 2417; x_wconf 86' lang='lat' dir='ltr'>Co</span> <span class='ocrx_word' id='word_1_161' title='bbox 347 2366 383 2418; x_wconf 93' lang='lat' dir='ltr'>do</span> <span class='ocrx_word' id='word_1_162' title='bbox 410 2364 475 2418; x_wconf 81' lang='lat' dir='ltr'>lrnib</span> <span class='ocrx_word' id='word_1_163' title='bbox 498 2381 516 2415; x_wconf 90' lang='lat' dir='ltr'><strong>v</strong></span> <span class='ocrx_word' id='word_1_164' title='bbox 535 2363 599 2417; x_wconf 87' lang='lat' dir='ltr'>listu</span> <span class='ocrx_word' id='word_1_165' title='bbox 621 2362 828 2431; x_wconf 84' lang='lat' dir='ltr'>jmenovany&#39;ch</span> <span class='ocrx_word' id='word_1_166' title='bbox 857 2379 948 2415; x_wconf 88' lang='lat' dir='ltr'>srovn.</span> <span class='ocrx_word' id='word_1_167' title='bbox 973 2362 1128 2430; x_wconf 76' lang='lat' dir='ltr'>poznamlru</span> <span class='ocrx_word' id='word_1_168' title='bbox 1153 2362 1253 2416; x_wconf 86' lang='lat' dir='ltr'>klistu</span> <span class='ocrx_word' id='word_1_169' title='bbox 1276 2362 1312 2414; x_wconf 80' lang='lat'>83</span> <span class='ocrx_word' id='word_1_170' title='bbox 1331 2378 1401 2415; x_wconf 87' lang='lat' dir='ltr'>aco</span> <span class='ocrx_word' id='word_1_171' title='bbox 1425 2362 1462 2415; x_wconf 91' lang='lat' dir='ltr'>do</span> <span class='ocrx_word' id='word_1_172' title='bbox 1485 2363 1651 2430; x_wconf 74' lang='lat' dir='ltr'>posilanebo</span> 
     </span>
    </p>
   </div>
   <div class='ocr_carea' id='block_1_4' title="bbox 194 2449 1649 2694">
    <p class='ocr_par' dir='ltr' id='par_1_4' title="bbox 194 2449 1649 2694">
     <span class='ocr_line' id='line_1_19' title="bbox 196 2449 1649 2520; baseline -0.001 -16"><span class='ocrx_word' id='word_1_173' title='bbox 196 2453 267 2505; x_wconf 69' lang='lat' dir='ltr'>lrone</span> <span class='ocrx_word' id='word_1_174' title='bbox 286 2453 331 2505; x_wconf 89' lang='lat' dir='ltr'>list</span> <span class='ocrx_word' id='word_1_175' title='bbox 356 2452 490 2520; x_wconf 76' lang='lat' dir='ltr'>pledesly&#39;.</span> <span class='ocrx_word' id='word_1_176' title='bbox 516 2451 602 2503; x_wconf 75' lang='lat' dir='ltr'>Snem</span> <span class='ocrx_word' id='word_1_177' title='bbox 625 2451 719 2518; x_wconf 65' lang='lat' dir='ltr'>eesky,</span> <span class='ocrx_word' id='word_1_178' title='bbox 738 2466 774 2503; x_wconf 87' lang='lat' dir='ltr'>na</span> <span class='ocrx_word' id='word_1_179' title='bbox 792 2449 874 2503; x_wconf 61' lang='lat' dir='ltr'>nEml</span> <span class='ocrx_word' id='word_1_180' title='bbox 897 2466 1035 2503; x_wconf 89' lang='lat' dir='ltr'>usnesena</span> <span class='ocrx_word' id='word_1_181' title='bbox 1057 2451 1179 2517; x_wconf 61' lang='lat' dir='ltr'>vyprava</span> <span class='ocrx_word' id='word_1_182' title='bbox 1202 2449 1273 2517; x_wconf 89' lang='lat' dir='ltr'>proti</span> <span class='ocrx_word' id='word_1_183' title='bbox 1297 2449 1428 2510; x_wconf 81' lang='lat' dir='ltr'>Turtam,</span> <span class='ocrx_word' id='word_1_184' title='bbox 1452 2449 1571 2516; x_wconf 76' lang='lat' dir='ltr'>zabdjen</span> <span class='ocrx_word' id='word_1_185' title='bbox 1597 2450 1649 2502; x_wconf 86' lang='lat' dir='ltr'>dne</span> 
     </span>
     <span class='ocr_line' id='line_1_20' title="bbox 194 2534 1649 2607; baseline -0.002 -17"><span class='ocrx_word' id='word_1_186' title='bbox 194 2539 237 2592; x_wconf 78' lang='lat'>21.</span> <span class='ocrx_word' id='word_1_187' title='bbox 256 2539 343 2591; x_wconf 86' lang='lat' dir='ltr'>tinora</span> <span class='ocrx_word' id='word_1_188' title='bbox 363 2537 430 2590; x_wconf 72' lang='lat'>1502</span> <span class='ocrx_word' id='word_1_189' title='bbox 448 2540 578 2607; x_wconf 84' lang='lat' dir='ltr'>(Palacky&#39;</span> <span class='ocrx_word' id='word_1_190' title='bbox 598 2539 630 2601; x_wconf 89' lang='lat' dir='ltr'>V,</span> <span class='ocrx_word' id='word_1_191' title='bbox 649 2538 674 2600; x_wconf 75' lang='lat'>2,</span> <span class='ocrx_word' id='word_1_192' title='bbox 692 2537 744 2605; x_wconf 70' lang='lat' dir='ltr'>tlt).</span> <span class='ocrx_word' id='word_1_193' title='bbox 764 2537 828 2589; x_wconf 88' lang='lat' dir='ltr'>Hod</span> <span class='ocrx_word' id='word_1_194' title='bbox 849 2537 1024 2589; x_wconf 80' lang='lat' dir='ltr'>velikonotnt</span> <span class='ocrx_word' id='word_1_195' title='bbox 1043 2536 1148 2605; x_wconf 82' lang='lat' dir='ltr'>plipadl</span> <span class='ocrx_word' id='word_1_196' title='bbox 1172 2537 1240 2588; x_wconf 90' lang='lat' dir='ltr'>toho</span> <span class='ocrx_word' id='word_1_197' title='bbox 1258 2537 1326 2589; x_wconf 82' lang='lat' dir='ltr'>rolru</span> <span class='ocrx_word' id='word_1_198' title='bbox 1345 2553 1381 2589; x_wconf 87' lang='lat' dir='ltr'>na</span> <span class='ocrx_word' id='word_1_199' title='bbox 1398 2534 1441 2589; x_wconf 68' lang='lat' dir='ltr'>ut.</span> <span class='ocrx_word' id='word_1_200' title='bbox 1460 2535 1573 2591; x_wconf 82' lang='lat' dir='ltr'>blezna.</span> <span class='ocrx_word' id='word_1_201' title='bbox 1593 2537 1649 2588; x_wconf 74' lang='lat' dir='ltr'>kral</span> 
     </span>
     <span class='ocr_line' id='line_1_21' title="bbox 195 2623 1099 2694; baseline -0.004 -16"><span class='ocrx_word' id='word_1_202' title='bbox 195 2626 248 2694; x_wconf 86' lang='lat' dir='ltr'>pak</span> <span class='ocrx_word' id='word_1_203' title='bbox 267 2626 358 2678; x_wconf 88' lang='lat' dir='ltr'>vracel</span> <span class='ocrx_word' id='word_1_204' title='bbox 370 2633 408 2678; x_wconf 87' lang='lat' dir='ltr'>‘se</span> <span class='ocrx_word' id='word_1_205' title='bbox 427 2626 462 2677; x_wconf 96' lang='lat' dir='ltr'>do</span> <span class='ocrx_word' id='word_1_206' title='bbox 482 2625 559 2678; x_wconf 86' lang='lat' dir='ltr'>Uber</span> <span class='ocrx_word' id='word_1_207' title='bbox 576 2625 630 2677; x_wconf 91' lang='lat' dir='ltr'>dne</span> <span class='ocrx_word' id='word_1_208' title='bbox 649 2624 690 2677; x_wconf 79' lang='lat' dir='ltr'>tlt.</span> <span class='ocrx_word' id='word_1_209' title='bbox 710 2631 729 2676; x_wconf 90' lang='lat' dir='ltr'>t.</span> <span class='ocrx_word' id='word_1_210' title='bbox 747 2639 783 2676; x_wconf 93' lang='lat' dir='ltr'>m.</span> <span class='ocrx_word' id='word_1_211' title='bbox 802 2624 932 2691; x_wconf 82' lang='lat' dir='ltr'>(Palacky&#39;</span> <span class='ocrx_word' id='word_1_212' title='bbox 952 2623 984 2686; x_wconf 95' lang='lat' dir='ltr'>V,</span> <span class='ocrx_word' id='word_1_213' title='bbox 1002 2624 1027 2685; x_wconf 69' lang='lat'>⁶2,</span> <span class='ocrx_word' id='word_1_214' title='bbox 1046 2624 1099 2689; x_wconf 76' lang='lat' dir='ltr'>tt.)</span> 
     </span>
    </p>
   </div>
   <div class='ocr_carea' id='block_1_5' title="bbox 488 2943 1352 3195">
    <p class='ocr_par' dir='ltr' id='par_1_5' title="bbox 488 2943 1352 3195">
     <span class='ocr_line' id='line_1_22' title="bbox 898 2943 948 3006; baseline -0.06 1"><span class='ocrx_word' id='word_1_215' title='bbox 898 2943 948 3006; x_wconf 85' lang='lat'>95.</span> 
     </span>
     <span class='ocr_line' id='line_1_23' title="bbox 488 3098 1352 3195; baseline -0.001 -24"><span class='ocrx_word' id='word_1_216' title='bbox 488 3099 708 3173; x_wconf 88' lang='lat' dir='ltr'>Bohuslav</span> <span class='ocrx_word' id='word_1_217' title='bbox 736 3098 1010 3195; x_wconf 72' lang='lat' dir='ltr'>Bartolomeji</span> <span class='ocrx_word' id='word_1_218' title='bbox 1039 3099 1352 3173; x_wconf 73' lang='lat' dir='ltr'>Kadabskemu.</span> 
     </span>
    </p>
   </div>
   <div class='ocr_carea' id='block_1_6' title="bbox 196 3255 1648 3444">
    <p class='ocr_par' dir='ltr' id='par_1_6' title="bbox 196 3255 1648 3444">
     <span class='ocr_line' id='line_1_24' title="bbox 283 3255 1647 3358; baseline -0.003 -16"><span class='ocrx_word' id='word_1_219' title='bbox 283 3286 375 3353; x_wconf 79' lang='lat'>(15⁰2)</span> <span class='ocrx_word' id='word_1_220' title='bbox 392 3255 421 3324; x_wconf 33' lang='lat'>-&#39;</span> <span class='ocrx_word' id='word_1_221' title='bbox 435 3288 471 3342; x_wconf 79' lang='grc'>14.</span> <span class='ocrx_word' id='word_1_222' title='bbox 491 3286 599 3343; x_wconf 74' lang='lat' dir='ltr'>hiezita.</span> <span class='ocrx_word' id='word_1_223' title='bbox 624 3287 721 3340; x_wconf 75' lang='lat' dir='ltr'>aetoli</span> <span class='ocrx_word' id='word_1_224' title='bbox 741 3288 790 3355; x_wconf 72' lang='lat' dir='ltr'>pry</span> <span class='ocrx_word' id='word_1_225' title='bbox 814 3288 882 3357; x_wconf 90' lang='lat' dir='ltr'>nyni</span> <span class='ocrx_word' id='word_1_226' title='bbox 901 3307 917 3340; x_wconf 89' lang='lat' dir='ltr'><strong>v</strong></span> <span class='ocrx_word' id='word_1_227' title='bbox 936 3294 1014 3358; x_wconf 76' lang='lat' dir='ltr'>poste</span> <span class='ocrx_word' id='word_1_228' title='bbox 1033 3306 1050 3342; x_wconf 86' lang='lat' dir='ltr'>a</span> <span class='ocrx_word' id='word_1_229' title='bbox 1068 3288 1193 3358; x_wconf 82' lang='lat' dir='ltr'>cbystaje</span> <span class='ocrx_word' id='word_1_230' title='bbox 1212 3305 1242 3341; x_wconf 85' lang='lat' dir='ltr'>se</span> <span class='ocrx_word' id='word_1_231' title='bbox 1261 3288 1297 3340; x_wconf 93' lang='lat' dir='ltr'>do</span> <span class='ocrx_word' id='word_1_232' title='bbox 1317 3287 1394 3341; x_wconf 88' lang='lat' dir='ltr'>Uber</span> <span class='ocrx_word' id='word_1_233' title='bbox 1416 3285 1500 3338; x_wconf 78' lang='lat' dir='ltr'>nemri</span> <span class='ocrx_word' id='word_1_234' title='bbox 1521 3285 1577 3354; x_wconf 86' lang='lat' dir='ltr'>kdy</span> <span class='ocrx_word' id='word_1_235' title='bbox 1594 3285 1647 3338; x_wconf 80' lang='lat' dir='ltr'>stre</span> 
     </span>
     <span class='ocr_line' id='line_1_25' title="bbox 196 3372 1648 3444; baseline 0 -19"><span class='ocrx_word' id='word_1_236' title='bbox 196 3373 275 3441; x_wconf 69' lang='lat' dir='ltr'>psdti,</span> <span class='ocrx_word' id='word_1_237' title='bbox 300 3373 353 3426; x_wconf 75' lang='lat' dir='ltr'>test</span> <span class='ocrx_word' id='word_1_238' title='bbox 378 3390 408 3425; x_wconf 89' lang='lat' dir='ltr'>se</span> <span class='ocrx_word' id='word_1_239' title='bbox 426 3373 606 3441; x_wconf 81' lang='lat' dir='ltr'>pilchyluosti</span> <span class='ocrx_word' id='word_1_240' title='bbox 632 3374 811 3427; x_wconf 73' lang='lat' dir='ltr'>adressatove</span> <span class='ocrx_word' id='word_1_241' title='bbox 836 3375 946 3438; x_wconf 76' lang='lat' dir='ltr'>irsobe,</span> <span class='ocrx_word' id='word_1_242' title='bbox 964 3394 981 3429; x_wconf 89' lang='lat' dir='ltr'>a</span> <span class='ocrx_word' id='word_1_243' title='bbox 1000 3377 1150 3444; x_wconf 71' lang='lat' dir='ltr'>napomina</span> <span class='ocrx_word' id='word_1_244' title='bbox 1168 3375 1204 3443; x_wconf 83' lang='lat' dir='ltr'>jej</span> <span class='ocrx_word' id='word_1_245' title='bbox 1225 3376 1240 3427; x_wconf 82' lang='lat' dir='ltr'>t</span> <span class='ocrx_word' id='word_1_246' title='bbox 1259 3375 1363 3443; x_wconf 66' lang='lat' dir='ltr'>pilnym</span> <span class='ocrx_word' id='word_1_247' title='bbox 1390 3372 1514 3427; x_wconf 87' lang='lat' dir='ltr'>studilm.</span> <span class='ocrx_word' id='word_1_248' title='bbox 1543 3373 1648 3426; x_wconf 75' lang='lat' dir='ltr'>Chvalu</span> 
     </span>
    </p>
   </div>
   <div class='ocr_carea' id='block_1_7' title="bbox 196 3459 1647 3618">
    <p class='ocr_par' dir='ltr' id='par_1_7' title="bbox 196 3459 1647 3618">
     <span class='ocr_line' id='line_1_26' title="bbox 196 3459 1647 3530; baseline 0.001 -19"><span class='ocrx_word' id='word_1_249' title='bbox 196 3459 263 3511; x_wconf 78' lang='lat' dir='ltr'>sobe</span> <span class='ocrx_word' id='word_1_250' title='bbox 282 3461 410 3512; x_wconf 87' lang='lat' dir='ltr'>vzdanou</span> <span class='ocrx_word' id='word_1_251' title='bbox 428 3459 557 3512; x_wconf 73' lang='lat' dir='ltr'>skromne</span> <span class='ocrx_word' id='word_1_252' title='bbox 577 3460 690 3524; x_wconf 74' lang='lat' dir='ltr'>odmita,</span> <span class='ocrx_word' id='word_1_253' title='bbox 709 3478 763 3515; x_wconf 83' lang='lat' dir='ltr'>ana</span> <span class='ocrx_word' id='word_1_254' title='bbox 781 3463 932 3530; x_wconf 89' lang='lat' dir='ltr'>vyplynula</span> <span class='ocrx_word' id='word_1_255' title='bbox 949 3479 964 3514; x_wconf 90' lang='lat' dir='ltr'>z</span> <span class='ocrx_word' id='word_1_256' title='bbox 983 3463 1094 3530; x_wconf 70' lang='lat' dir='ltr'>plilisne</span> <span class='ocrx_word' id='word_1_257' title='bbox 1113 3463 1260 3516; x_wconf 88' lang='lat' dir='ltr'>oddanosti</span> <span class='ocrx_word' id='word_1_258' title='bbox 1279 3462 1403 3515; x_wconf 83' lang='lat' dir='ltr'>Pollicha</span> <span class='ocrx_word' id='word_1_259' title='bbox 1421 3477 1436 3514; x_wconf 89' lang='lat' dir='ltr'>z</span> <span class='ocrx_word' id='word_1_260' title='bbox 1456 3461 1647 3513; x_wconf 85' lang='lat' dir='ltr'>Mellerstattu.</span> 
     </span>
     <span class='ocr_line' id='line_1_27' title="bbox 197 3546 1079 3618; baseline 0.006 -21"><span class='ocrx_word' id='word_1_261' title='bbox 197 3546 302 3614; x_wconf 74' lang='lat' dir='ltr'>Dekuje</span> <span class='ocrx_word' id='word_1_262' title='bbox 321 3563 354 3600; x_wconf 88' lang='lat' dir='ltr'>za</span> <span class='ocrx_word' id='word_1_263' title='bbox 373 3546 509 3600; x_wconf 75' lang='lat' dir='ltr'>obdriene</span> <span class='ocrx_word' id='word_1_264' title='bbox 528 3546 596 3616; x_wconf 81' lang='lat' dir='ltr'>dury</span> <span class='ocrx_word' id='word_1_265' title='bbox 615 3564 632 3599; x_wconf 85' lang='lat' dir='ltr'>a</span> <span class='ocrx_word' id='word_1_266' title='bbox 650 3547 748 3615; x_wconf 90' lang='lat' dir='ltr'>slibuje</span> <span class='ocrx_word' id='word_1_267' title='bbox 767 3549 910 3601; x_wconf 70' lang='lat' dir='ltr'>vdednost.</span> <span class='ocrx_word' id='word_1_268' title='bbox 928 3550 1007 3616; x_wconf 88' lang='lat' dir='ltr'>(Luc.</span> <span class='ocrx_word' id='word_1_269' title='bbox 1026 3549 1079 3618; x_wconf 75' lang='grc'>90.)</span> 
     </span>
    </p>
   </div>
   <div class='ocr_carea' id='block_1_8' title="bbox 195 3721 1652 5371">
    <p class='ocr_par' dir='ltr' id='par_1_8' title="bbox 195 3721 1652 5371">
     <span class='ocr_line' id='line_1_28' title="bbox 283 3721 1648 3806; baseline 0.001 -22"><span class='ocrx_word' id='word_1_270' title='bbox 283 3722 528 3785; x_wconf 87' lang='lat' dir='ltr'>Bartholomaeo</span> <span class='ocrx_word' id='word_1_271' title='bbox 552 3724 651 3806; x_wconf 91' lang='lat' dir='ltr'>Nigro</span> <span class='ocrx_word' id='word_1_272' title='bbox 675 3721 852 3788; x_wconf 85' lang='lat' dir='ltr'>Cadaneusi</span> <span class='ocrx_word' id='word_1_273' title='bbox 877 3746 900 3790; x_wconf 93' lang='lat' dir='ltr'>s.</span> <span class='ocrx_word' id='word_1_274' title='bbox 919 3747 948 3806; x_wconf 94' lang='lat' dir='ltr'>p.</span> <span class='ocrx_word' id='word_1_275' title='bbox 964 3726 993 3788; x_wconf 94' lang='lat' dir='ltr'>d.</span> <span class='ocrx_word' id='word_1_276' title='bbox 1017 3725 1082 3789; x_wconf 87' lang='lat' dir='ltr'>Tot</span> <span class='ocrx_word' id='word_1_277' title='bbox 1104 3730 1267 3790; x_wconf 90' lang='lat' dir='ltr'>continent</span> <span class='ocrx_word' id='word_1_278' title='bbox 1282 3727 1391 3789; x_wconf 90' lang='lat' dir='ltr'>literae</span> <span class='ocrx_word' id='word_1_279' title='bbox 1407 3735 1491 3798; x_wconf 89' lang='lat' dir='ltr'>tuae,</span> <span class='ocrx_word' id='word_1_280' title='bbox 1515 3723 1648 3786; x_wconf 83' lang='lat' dir='ltr'>Bartho</span> 
     </span>
     <span class='ocr_line' id='line_1_29' title="bbox 196 3828 1648 3911; baseline 0 -22"><span class='ocrx_word' id='word_1_281' title='bbox 196 3829 332 3900; x_wconf 91' lang='lat' dir='ltr'>lomaee,</span> <span class='ocrx_word' id='word_1_282' title='bbox 348 3840 382 3889; x_wconf 91' lang='lat' dir='ltr'>ut</span> <span class='ocrx_word' id='word_1_283' title='bbox 399 3828 445 3888; x_wconf 88' lang='lat' dir='ltr'>his·</span> <span class='ocrx_word' id='word_1_284' title='bbox 462 3829 683 3906; x_wconf 91' lang='lat' dir='ltr'>impraesentia</span> <span class='ocrx_word' id='word_1_285' title='bbox 706 3830 760 3889; x_wconf 88' lang='lat' dir='ltr'>vix</span> <span class='ocrx_word' id='word_1_286' title='bbox 783 3830 956 3892; x_wconf 91' lang='lat' dir='ltr'>commode</span> <span class='ocrx_word' id='word_1_287' title='bbox 979 3830 1175 3910; x_wconf 89' lang='lat' dir='ltr'>respondere</span> <span class='ocrx_word' id='word_1_288' title='bbox 1190 3833 1319 3911; x_wconf 89' lang='lat' dir='ltr'>possim,</span> <span class='ocrx_word' id='word_1_289' title='bbox 1342 3840 1410 3892; x_wconf 90' lang='lat' dir='ltr'>tum</span> <span class='ocrx_word' id='word_1_290' title='bbox 1428 3830 1503 3909; x_wconf 93' lang='lat' dir='ltr'>quia</span> <span class='ocrx_word' id='word_1_291' title='bbox 1519 3841 1648 3907; x_wconf 90' lang='lat' dir='ltr'>tempus</span> 
     </span>
     <span class='ocr_line' id='line_1_30' title="bbox 196 3933 1649 4014; baseline -0.002 -19"><span class='ocrx_word' id='word_1_292' title='bbox 196 3934 258 3995; x_wconf 93' lang='lat' dir='ltr'>hoc</span> <span class='ocrx_word' id='word_1_293' title='bbox 280 3936 384 4014; x_wconf 88' lang='lat' dir='ltr'>aptius</span> <span class='ocrx_word' id='word_1_294' title='bbox 407 3934 551 4014; x_wconf 86' lang='lat' dir='ltr'>religioni</span> <span class='ocrx_word' id='word_1_295' title='bbox 573 3952 672 4012; x_wconf 93' lang='lat' dir='ltr'>quam</span> <span class='ocrx_word' id='word_1_296' title='bbox 695 3939 889 3997; x_wconf 92' lang='lat' dir='ltr'>commercio</span> <span class='ocrx_word' id='word_1_297' title='bbox 913 3936 1072 3999; x_wconf 89' lang='lat' dir='ltr'>literarum</span> <span class='ocrx_word' id='word_1_298' title='bbox 1094 3945 1151 4010; x_wconf 92' lang='lat' dir='ltr'>est,</span> <span class='ocrx_word' id='word_1_299' title='bbox 1173 3947 1242 3997; x_wconf 91' lang='lat' dir='ltr'>tum</span> <span class='ocrx_word' id='word_1_300' title='bbox 1265 3936 1360 3995; x_wconf 89' lang='lat' dir='ltr'>etiam</span> <span class='ocrx_word' id='word_1_301' title='bbox 1376 3935 1450 4013; x_wconf 90' lang='lat' dir='ltr'>quia</span> <span class='ocrx_word' id='word_1_302' title='bbox 1466 3933 1649 4003; x_wconf 90' lang='lat' dir='ltr'>sarcinulas,</span> 
     </span>
     <span class='ocr_line' id='line_1_31' title="bbox 197 4036 1649 4120; baseline -0.003 -19"><span class='ocrx_word' id='word_1_303' title='bbox 197 4050 309 4118; x_wconf 90' lang='lat' dir='ltr'>utpote</span> <span class='ocrx_word' id='word_1_304' title='bbox 337 4041 369 4099; x_wconf 93' lang='lat' dir='ltr'>in</span> <span class='ocrx_word' id='word_1_305' title='bbox 400 4057 537 4099; x_wconf 89' lang='lat' dir='ltr'>numero</span> <span class='ocrx_word' id='word_1_306' title='bbox 567 4037 740 4100; x_wconf 89' lang='lat' dir='ltr'>aulicorum</span> <span class='ocrx_word' id='word_1_307' title='bbox 771 4042 932 4120; x_wconf 91' lang='lat' dir='ltr'>regiorum</span> <span class='ocrx_word' id='word_1_308' title='bbox 962 4042 1199 4120; x_wconf 91' lang='lat' dir='ltr'>quamprimum</span> <span class='ocrx_word' id='word_1_309' title='bbox 1225 4037 1357 4111; x_wconf 82' lang='lat' dir='ltr'>futurus,</span> <span class='ocrx_word' id='word_1_310' title='bbox 1381 4036 1509 4099; x_wconf 86' lang='lat' dir='ltr'>assidue</span> <span class='ocrx_word' id='word_1_311' title='bbox 1532 4036 1649 4118; x_wconf 90' lang='lat' dir='ltr'>colligo</span> 
     </span>
     <span class='ocr_line' id='line_1_32' title="bbox 195 4140 1650 4223; baseline -0.001 -19"><span class='ocrx_word' id='word_1_312' title='bbox 195 4162 301 4222; x_wconf 89' lang='lat' dir='ltr'>neque</span> <span class='ocrx_word' id='word_1_313' title='bbox 323 4143 492 4204; x_wconf 89' lang='lat' dir='ltr'>levioribus</span> <span class='ocrx_word' id='word_1_314' title='bbox 515 4141 563 4202; x_wconf 89' lang='lat' dir='ltr'>his</span> <span class='ocrx_word' id='word_1_315' title='bbox 585 4162 697 4203; x_wconf 86' lang='lat' dir='ltr'>vacare</span> <span class='ocrx_word' id='word_1_316' title='bbox 720 4162 862 4223; x_wconf 91' lang='lat' dir='ltr'>possum.</span> <span class='ocrx_word' id='word_1_317' title='bbox 887 4142 936 4206; x_wconf 89' lang='lat' dir='ltr'>Ne</span> <span class='ocrx_word' id='word_1_318' title='bbox 960 4154 1066 4206; x_wconf 92' lang='lat' dir='ltr'>tamen</span> <span class='ocrx_word' id='word_1_319' title='bbox 1091 4162 1142 4205; x_wconf 88' lang='lat' dir='ltr'>me</span> <span class='ocrx_word' id='word_1_320' title='bbox 1165 4142 1339 4220; x_wconf 88' lang='lat' dir='ltr'>superbum</span> <span class='ocrx_word' id='word_1_321' title='bbox 1358 4152 1423 4215; x_wconf 89' lang='lat' dir='ltr'>aut,</span> <span class='ocrx_word' id='word_1_322' title='bbox 1445 4142 1471 4202; x_wconf 93' lang='lat' dir='ltr'>si</span> <span class='ocrx_word' id='word_1_323' title='bbox 1487 4140 1519 4202; x_wconf 94' lang='lat' dir='ltr'>id</span> <span class='ocrx_word' id='word_1_324' title='bbox 1536 4151 1650 4203; x_wconf 92' lang='lat' dir='ltr'>contu·</span> 
     </span>
     <span class='ocr_line' id='line_1_33' title="bbox 197 4244 1650 4330; baseline -0.001 -22"><span class='ocrx_word' id='word_1_325' title='bbox 197 4247 364 4308; x_wconf 88' lang='lat' dir='ltr'>meliosum</span> <span class='ocrx_word' id='word_1_326' title='bbox 388 4258 444 4321; x_wconf 91' lang='lat' dir='ltr'>est,</span> <span class='ocrx_word' id='word_1_327' title='bbox 468 4248 499 4306; x_wconf 91' lang='lat' dir='ltr'>in</span> <span class='ocrx_word' id='word_1_328' title='bbox 522 4244 691 4307; x_wconf 89' lang='lat' dir='ltr'>scribendo</span> <span class='ocrx_word' id='word_1_329' title='bbox 714 4264 828 4324; x_wconf 89' lang='lat' dir='ltr'>parum</span> <span class='ocrx_word' id='word_1_330' title='bbox 849 4246 1031 4330; x_wconf 84' lang='lat' dir='ltr'>diligentem</span> <span class='ocrx_word' id='word_1_331' title='bbox 1048 4249 1221 4317; x_wconf 83' lang='lat' dir='ltr'>existimes,</span> <span class='ocrx_word' id='word_1_332' title='bbox 1244 4248 1396 4327; x_wconf 90' lang='lat' dir='ltr'>attingam</span> <span class='ocrx_word' id='word_1_333' title='bbox 1413 4246 1532 4324; x_wconf 89' lang='lat' dir='ltr'>paucis,</span> <span class='ocrx_word' id='word_1_334' title='bbox 1556 4265 1650 4326; x_wconf 90' lang='lat' dir='ltr'>quae,</span> 
     </span>
     <span class='ocr_line' id='line_1_34' title="bbox 196 4349 1650 4431; baseline -0.001 -18"><span class='ocrx_word' id='word_1_335' title='bbox 196 4353 222 4413; x_wconf 95' lang='lat' dir='ltr'>si</span> <span class='ocrx_word' id='word_1_336' title='bbox 250 4350 324 4412; x_wconf 91' lang='lat' dir='ltr'>mihi</span> <span class='ocrx_word' id='word_1_337' title='bbox 356 4354 456 4412; x_wconf 93' lang='lat' dir='ltr'>otium</span> <span class='ocrx_word' id='word_1_338' title='bbox 486 4361 577 4423; x_wconf 89' lang='lat' dir='ltr'>esset,</span> <span class='ocrx_word' id='word_1_339' title='bbox 609 4351 715 4413; x_wconf 88' lang='lat' dir='ltr'>multis</span> <span class='ocrx_word' id='word_1_340' title='bbox 743 4363 958 4431; x_wconf 88' lang='lat' dir='ltr'>prosequutus</span> <span class='ocrx_word' id='word_1_341' title='bbox 986 4351 1123 4413; x_wconf 86' lang='lat' dir='ltr'>fuissem.</span> <span class='ocrx_word' id='word_1_342' title='bbox 1161 4349 1259 4431; x_wconf 84' lang='lat' dir='ltr'>Quod</span> <span class='ocrx_word' id='word_1_343' title='bbox 1289 4352 1374 4412; x_wconf 92' lang='lat' dir='ltr'>enim</span> <span class='ocrx_word' id='word_1_344' title='bbox 1401 4368 1453 4411; x_wconf 91' lang='lat' dir='ltr'>me</span> <span class='ocrx_word' id='word_1_345' title='bbox 1480 4360 1650 4429; x_wconf 92' lang='lat' dir='ltr'>tantopere</span> 
     </span>
     <span class='ocr_line' id='line_1_35' title="bbox 196 4452 1650 4538; baseline 0.001 -23"><span class='ocrx_word' id='word_1_346' title='bbox 196 4474 287 4515; x_wconf 88' lang='lat' dir='ltr'>amas</span> <span class='ocrx_word' id='word_1_347' title='bbox 309 4467 407 4533; x_wconf 87' lang='lat' dir='ltr'>atque</span> <span class='ocrx_word' id='word_1_348' title='bbox 430 4456 593 4528; x_wconf 69' lang='lat' dir='ltr'>observas</span> <span class='ocrx_word' id='word_1_349' title='bbox 617 4458 731 4516; x_wconf 89' lang='lat' dir='ltr'>mimm</span> <span class='ocrx_word' id='word_1_350' title='bbox 755 4457 786 4516; x_wconf 93' lang='lat' dir='ltr'>in</span> <span class='ocrx_word' id='word_1_351' title='bbox 811 4455 945 4517; x_wconf 94' lang='lat' dir='ltr'>modum</span> <span class='ocrx_word' id='word_1_352' title='bbox 968 4455 1105 4538; x_wconf 74' lang='lat' dir='ltr'>gaudeo</span> <span class='ocrx_word' id='word_1_353' title='bbox 1129 4467 1160 4518; x_wconf 85' lang='lat' dir='ltr'>et</span> <span class='ocrx_word' id='word_1_354' title='bbox 1183 4455 1245 4517; x_wconf 92' lang='lat' dir='ltr'>hoc</span> <span class='ocrx_word' id='word_1_355' title='bbox 1268 4473 1414 4518; x_wconf 89' lang='lat' dir='ltr'>summae</span> <span class='ocrx_word' id='word_1_356' title='bbox 1436 4456 1504 4534; x_wconf 90' lang='lat' dir='ltr'>spei</span> <span class='ocrx_word' id='word_1_357' title='bbox 1523 4452 1650 4516; x_wconf 88' lang='lat' dir='ltr'>adoles·</span> 
     </span>
     <span class='ocr_line' id='line_1_36' title="bbox 197 4557 1650 4640; baseline -0.001 -20"><span class='ocrx_word' id='word_1_358' title='bbox 197 4562 295 4621; x_wconf 91' lang='lat' dir='ltr'>centis</span> <span class='ocrx_word' id='word_1_359' title='bbox 318 4562 348 4619; x_wconf 92' lang='lat' dir='ltr'>in</span> <span class='ocrx_word' id='word_1_360' title='bbox 372 4578 424 4619; x_wconf 89' lang='lat' dir='ltr'>me</span> <span class='ocrx_word' id='word_1_361' title='bbox 447 4563 555 4620; x_wconf 89' lang='lat' dir='ltr'>animo</span> <span class='ocrx_word' id='word_1_362' title='bbox 579 4561 658 4638; x_wconf 91' lang='lat' dir='ltr'>plus,</span> <span class='ocrx_word' id='word_1_363' title='bbox 690 4580 787 4640; x_wconf 89' lang='lat' dir='ltr'>quam</span> <span class='ocrx_word' id='word_1_364' title='bbox 819 4559 879 4621; x_wconf 94' lang='lat' dir='ltr'>dici</span> <span class='ocrx_word' id='word_1_365' title='bbox 911 4571 1025 4637; x_wconf 91' lang='lat' dir='ltr'>potest,</span> <span class='ocrx_word' id='word_1_366' title='bbox 1053 4560 1204 4622; x_wconf 89' lang='lat' dir='ltr'>delector.</span> <span class='ocrx_word' id='word_1_367' title='bbox 1242 4559 1359 4638; x_wconf 89' lang='lat' dir='ltr'>Neque</span> <span class='ocrx_word' id='word_1_368' title='bbox 1383 4557 1478 4619; x_wconf 90' lang='lat' dir='ltr'>velim</span> <span class='ocrx_word' id='word_1_369' title='bbox 1502 4559 1571 4636; x_wconf 91' lang='lat' dir='ltr'>ipse</span> <span class='ocrx_word' id='word_1_370' title='bbox 1594 4558 1650 4620; x_wconf 90' lang='lat' dir='ltr'>tibi</span> 
     </span>
     <span class='ocr_line' id='line_1_37' title="bbox 196 4663 1650 4746; baseline 0 -22"><span class='ocrx_word' id='word_1_371' title='bbox 196 4663 281 4725; x_wconf 91' lang='lat' dir='ltr'>aliud</span> <span class='ocrx_word' id='word_1_372' title='bbox 309 4664 349 4725; x_wconf 91' lang='lat' dir='ltr'>de</span> <span class='ocrx_word' id='word_1_373' title='bbox 378 4684 430 4724; x_wconf 91' lang='lat' dir='ltr'>me</span> <span class='ocrx_word' id='word_1_374' title='bbox 460 4665 645 4743; x_wconf 74' lang='lat' dir='ltr'>pollicearis</span> <span class='ocrx_word' id='word_1_375' title='bbox 677 4684 742 4725; x_wconf 94' lang='lat' dir='ltr'>non</span> <span class='ocrx_word' id='word_1_376' title='bbox 774 4664 878 4726; x_wconf 92' lang='lat' dir='ltr'>solum</span> <span class='ocrx_word' id='word_1_377' title='bbox 907 4664 980 4725; x_wconf 91' lang='lat' dir='ltr'>ideo</span> <span class='ocrx_word' id='word_1_378' title='bbox 1003 4665 1091 4746; x_wconf 89' lang='lat' dir='ltr'>quod</span> <span class='ocrx_word' id='word_1_379' title='bbox 1115 4686 1133 4725; x_wconf 91' lang='lat' dir='ltr'>a</span> <span class='ocrx_word' id='word_1_380' title='bbox 1157 4676 1270 4726; x_wconf 87' lang='lat' dir='ltr'>natura</span> <span class='ocrx_word' id='word_1_381' title='bbox 1293 4664 1504 4724; x_wconf 88' lang='lat' dir='ltr'>constitutum</span> <span class='ocrx_word' id='word_1_382' title='bbox 1527 4673 1584 4731; x_wconf 81' lang='lat' dir='ltr'>est,</span> <span class='ocrx_word' id='word_1_383' title='bbox 1615 4674 1650 4724; x_wconf 90' lang='lat' dir='ltr'>ut</span> 
     </span>
     <span class='ocr_line' id='line_1_38' title="bbox 197 4764 1649 4850; baseline -0.003 -22"><span class='ocrx_word' id='word_1_384' title='bbox 197 4782 340 4830; x_wconf 90' lang='lat' dir='ltr'>amantes</span> <span class='ocrx_word' id='word_1_385' title='bbox 363 4789 509 4831; x_wconf 84' lang='lat' dir='ltr'>amemus</span> <span class='ocrx_word' id='word_1_386' title='bbox 531 4780 563 4831; x_wconf 90' lang='lat' dir='ltr'>et</span> <span class='ocrx_word' id='word_1_387' title='bbox 586 4770 642 4843; x_wconf 83' lang='lat' dir='ltr'>his,</span> <span class='ocrx_word' id='word_1_388' title='bbox 666 4789 747 4850; x_wconf 91' lang='lat' dir='ltr'>quos</span> <span class='ocrx_word' id='word_1_389' title='bbox 770 4770 864 4830; x_wconf 92' lang='lat' dir='ltr'>nobis</span> <span class='ocrx_word' id='word_1_390' title='bbox 887 4771 1008 4830; x_wconf 88' lang='lat' dir='ltr'>amicos</span> <span class='ocrx_word' id='word_1_391' title='bbox 1024 4771 1256 4849; x_wconf 87' lang='lat' dir='ltr'>cognoscimus,</span> <span class='ocrx_word' id='word_1_392' title='bbox 1279 4768 1449 4848; x_wconf 89' lang='lat' dir='ltr'>plurimum</span> <span class='ocrx_word' id='word_1_393' title='bbox 1465 4764 1649 4833; x_wconf 87' lang='lat' dir='ltr'>afficiamur,</span> 
     </span>
     <span class='ocr_line' id='line_1_39' title="bbox 197 4871 1651 4954; baseline -0.003 -21"><span class='ocrx_word' id='word_1_394' title='bbox 197 4872 372 4934; x_wconf 89' lang='lat' dir='ltr'>sedetiam</span> <span class='ocrx_word' id='word_1_395' title='bbox 398 4878 479 4954; x_wconf 87' lang='lat' dir='ltr'>quia,</span> <span class='ocrx_word' id='word_1_396' title='bbox 511 4894 593 4953; x_wconf 83' lang='lat' dir='ltr'>quae</span> <span class='ocrx_word' id='word_1_397' title='bbox 616 4875 745 4951; x_wconf 90' lang='lat' dir='ltr'>optimis</span> <span class='ocrx_word' id='word_1_398' title='bbox 767 4873 825 4934; x_wconf 88' lang='lat' dir='ltr'>illis</span> <span class='ocrx_word' id='word_1_399' title='bbox 847 4876 918 4935; x_wconf 89' lang='lat' dir='ltr'>viris</span> <span class='ocrx_word' id='word_1_400' title='bbox 942 4874 1103 4935; x_wconf 89' lang='lat' dir='ltr'>avunculis</span> <span class='ocrx_word' id='word_1_401' title='bbox 1127 4877 1196 4945; x_wconf 86' lang='lat' dir='ltr'>tuis,</span> <span class='ocrx_word' id='word_1_402' title='bbox 1226 4893 1244 4932; x_wconf 92' lang='lat' dir='ltr'>a</span> <span class='ocrx_word' id='word_1_403' title='bbox 1268 4871 1384 4951; x_wconf 92' lang='lat' dir='ltr'>quibus</span> <span class='ocrx_word' id='word_1_404' title='bbox 1406 4888 1533 4948; x_wconf 88' lang='lat' dir='ltr'>semper</span> <span class='ocrx_word' id='word_1_405' title='bbox 1557 4871 1651 4930; x_wconf 92' lang='lat' dir='ltr'>unice</span> 
     </span>
     <span class='ocr_line' id='line_1_40' title="bbox 197 4974 1651 5058; baseline -0.003 -21"><span class='ocrx_word' id='word_1_406' title='bbox 197 4977 299 5038; x_wconf 92' lang='lat' dir='ltr'>cultus</span> <span class='ocrx_word' id='word_1_407' title='bbox 323 4979 374 5049; x_wconf 85' lang='lat' dir='ltr'>lui,</span> <span class='ocrx_word' id='word_1_408' title='bbox 399 4980 604 5058; x_wconf 81' lang='lat' dir='ltr'>praestiturus</span> <span class='ocrx_word' id='word_1_409' title='bbox 627 4997 722 5052; x_wconf 89' lang='lat' dir='ltr'>cram,</span> <span class='ocrx_word' id='word_1_410' title='bbox 747 4979 804 5040; x_wconf 90' lang='lat' dir='ltr'>tibi</span> <span class='ocrx_word' id='word_1_411' title='bbox 827 4977 945 5040; x_wconf 91' lang='lat' dir='ltr'>debere</span> <span class='ocrx_word' id='word_1_412' title='bbox 968 4978 1085 5039; x_wconf 86' lang='lat' dir='ltr'>videor.</span> <span class='ocrx_word' id='word_1_413' title='bbox 1108 4976 1242 5039; x_wconf 85' lang='lat' dir='ltr'>Accedit</span> <span class='ocrx_word' id='word_1_414' title='bbox 1266 4977 1314 5038; x_wconf 90' lang='lat' dir='ltr'>his</span> <span class='ocrx_word' id='word_1_415' title='bbox 1333 4974 1450 5037; x_wconf 87' lang='lat' dir='ltr'>ardens</span> <span class='ocrx_word' id='word_1_416' title='bbox 1464 4984 1556 5036; x_wconf 90' lang='lat' dir='ltr'>tuum</span> <span class='ocrx_word' id='word_1_417' title='bbox 1574 4993 1651 5056; x_wconf 89' lang='lat' dir='ltr'>erga</span> 
     </span>
     <span class='ocr_line' id='line_1_41' title="bbox 198 5077 1652 5166; baseline -0.001 -25"><span class='ocrx_word' id='word_1_418' title='bbox 198 5082 300 5142; x_wconf 85' lang='lat' dir='ltr'>bonas</span> <span class='ocrx_word' id='word_1_419' title='bbox 328 5098 411 5144; x_wconf 80' lang='lat' dir='ltr'>artes</span> <span class='ocrx_word' id='word_1_420' title='bbox 441 5082 589 5157; x_wconf 86' lang='lat' dir='ltr'>studium,</span> <span class='ocrx_word' id='word_1_421' title='bbox 620 5086 669 5144; x_wconf 92' lang='lat' dir='ltr'>cui</span> <span class='ocrx_word' id='word_1_422' title='bbox 700 5084 809 5166; x_wconf 87' lang='lat' dir='ltr'>generi</span> <span class='ocrx_word' id='word_1_423' title='bbox 838 5083 1003 5145; x_wconf 87' lang='lat' dir='ltr'>bominum</span> <span class='ocrx_word' id='word_1_424' title='bbox 1028 5094 1151 5144; x_wconf 89' lang='lat' dir='ltr'>tantum</span> <span class='ocrx_word' id='word_1_425' title='bbox 1178 5102 1240 5163; x_wconf 85' lang='lat' dir='ltr'>ego</span> <span class='ocrx_word' id='word_1_426' title='bbox 1263 5083 1377 5153; x_wconf 90' lang='lat' dir='ltr'>tribu0,</span> <span class='ocrx_word' id='word_1_427' title='bbox 1407 5089 1443 5140; x_wconf 91' lang='lat' dir='ltr'>ut</span> <span class='ocrx_word' id='word_1_428' title='bbox 1464 5077 1540 5140; x_wconf 92' lang='lat' dir='ltr'>nihil</span> <span class='ocrx_word' id='word_1_429' title='bbox 1563 5078 1652 5140; x_wconf 91' lang='lat' dir='ltr'>aliud</span> 
     </span>
     <span class='ocr_line' id='line_1_42' title="bbox 197 5183 1651 5269; baseline 0.001 -25"><span class='ocrx_word' id='word_1_430' title='bbox 197 5187 243 5259; x_wconf 87' lang='lat' dir='ltr'>sit,</span> <span class='ocrx_word' id='word_1_431' title='bbox 274 5206 340 5265; x_wconf 90' lang='lat' dir='ltr'>quo</span> <span class='ocrx_word' id='word_1_432' title='bbox 368 5189 423 5249; x_wconf 93' lang='lat' dir='ltr'>tibi</span> <span class='ocrx_word' id='word_1_433' title='bbox 454 5191 554 5269; x_wconf 84' lang='lat' dir='ltr'>magis</span> <span class='ocrx_word' id='word_1_434' title='bbox 582 5189 742 5250; x_wconf 89' lang='lat' dir='ltr'>conciliari</span> <span class='ocrx_word' id='word_1_435' title='bbox 773 5189 901 5266; x_wconf 90' lang='lat' dir='ltr'>possim.</span> <span class='ocrx_word' id='word_1_436' title='bbox 940 5185 1051 5267; x_wconf 91' lang='lat' dir='ltr'>ltaque</span> <span class='ocrx_word' id='word_1_437' title='bbox 1085 5199 1169 5248; x_wconf 90' lang='lat' dir='ltr'>recte</span> <span class='ocrx_word' id='word_1_438' title='bbox 1199 5185 1352 5263; x_wconf 90' lang='lat' dir='ltr'>deinceps</span> <span class='ocrx_word' id='word_1_439' title='bbox 1382 5183 1487 5257; x_wconf 81' lang='lat' dir='ltr'>iacies,</span> <span class='ocrx_word' id='word_1_440' title='bbox 1517 5184 1543 5245; x_wconf 93' lang='lat' dir='ltr'>si</span> <span class='ocrx_word' id='word_1_441' title='bbox 1574 5203 1651 5245; x_wconf 89' lang='lat' dir='ltr'>cura</span> 
     </span>
     <span class='ocr_line' id='line_1_43' title="bbox 196 5289 1650 5371; baseline -0.001 -21"><span class='ocrx_word' id='word_1_442' title='bbox 196 5311 360 5371; x_wconf 83' lang='lat' dir='ltr'>operaque</span> <span class='ocrx_word' id='word_1_443' title='bbox 384 5312 456 5353; x_wconf 89' lang='lat' dir='ltr'>mea</span> <span class='ocrx_word' id='word_1_444' title='bbox 479 5312 577 5370; x_wconf 85' lang='lat' dir='ltr'>quam</span> <span class='ocrx_word' id='word_1_445' title='bbox 601 5292 807 5354; x_wconf 85' lang='lat' dir='ltr'>fidentissime</span> <span class='ocrx_word' id='word_1_446' title='bbox 831 5311 906 5353; x_wconf 91' lang='lat' dir='ltr'>usus</span> <span class='ocrx_word' id='word_1_447' title='bbox 929 5292 1030 5352; x_wconf 80' lang='lat' dir='ltr'>fueris.</span> <span class='ocrx_word' id='word_1_448' title='bbox 1054 5289 1161 5352; x_wconf 87' lang='lat' dir='ltr'>Tanto</span> <span class='ocrx_word' id='word_1_449' title='bbox 1184 5303 1292 5351; x_wconf 90' lang='lat' dir='ltr'>autem</span> <span class='ocrx_word' id='word_1_450' title='bbox 1317 5289 1366 5368; x_wconf 90' lang='lat' dir='ltr'>(ut</span> <span class='ocrx_word' id='word_1_451' title='bbox 1388 5291 1526 5371; x_wconf 90' lang='lat' dir='ltr'>ingenue</span> <span class='ocrx_word' id='word_1_452' title='bbox 1541 5298 1650 5350; x_wconf 90' lang='lat' dir='ltr'>tecum</span> 
     </span>
    </p>
   </div>
   <div class='ocr_carea' id='block_1_9' title="bbox 0 0 1852 5836">
    <p class='ocr_par' dir='ltr' id='par_1_9' title="bbox 0 0 1852 5836">
     <span class='ocr_line' id='line_1_44' title="bbox 0 0 1852 5836; baseline 0 0"><span class='ocrx_word' id='word_1_453' title='bbox 0 0 1852 5836; x_wconf 95' lang='lat' dir='ltr'> </span> 
     </span>
    </p>
   </div>
  </div>
 </body>
</html>
