3660 5850
282 400 335 453 ‘214

283 633 361 675 casu
391 633 435 673 ex
461 630 620 674 concursu
650 620 833 672 atomorum
864 609 992 684 factum,
1027 609 1211 690 Leucippus
1241 609 1382 674 infinitos
1410 612 1551 675 mundos
1582 615 1742 675 somniat:

285 716 437 799 quicquid
467 716 585 778 horum
616 717 710 776 trium
737 713 910 790 admiseris,
937 733 1069 776 necesse
1099 725 1147 777 est
1170 713 1278 797 religio
1304 727 1413 778 nostra
1436 717 1576 780 funditus
1599 729 1739 779 corruat

285 819 374 900 Quid
398 839 514 900 nempe
537 820 658 881 homini
680 815 860 880 Christiano
882 818 1079 898 exploratius
1102 828 1159 892 est,
1182 837 1280 898 quam
1303 830 1335 880 et
1358 820 1515 882 mundum
1540 839 1641 883 unum
1661 839 1743 894 esse,

286 936 317 986 et
340 944 406 987 non
430 944 507 986 casu
529 944 572 993 ex
594 925 711 986 atomis
733 919 781 1005 (ut
803 921 853 984 ille
876 918 1015 1004 dixerat)
1037 921 1095 983 sed
1118 943 1137 983 a
1160 920 1232 983 Deo
1256 921 1346 984 firma
1369 924 1567 1003 providentia
1583 945 1627 986 ex
1641 924 1742 986 nihilo

285 1027 472 1090 conditum?
495 1020 626 1089 Nullum
650 1026 756 1088 Deum
780 1043 851 1088 esse
874 1023 1031 1107 Diagoras
1054 1037 1086 1087 et
1103 1023 1297 1088 Theodorus
1319 1038 1473 1103 asserunt,
1496 1026 1655 1108 Epicurus
1671 1048 1743 1090 esse

286 1130 426 1214 quidem,
450 1132 507 1192 sed
531 1131 677 1192 mortalia
696 1149 762 1191 non
785 1148 906 1193 curare.
930 1127 995 1192 Cur
1017 1149 1096 1212 ergo
1111 1142 1177 1192 tam
1201 1132 1252 1209 pie
1267 1130 1480 1213 religioseque
1501 1132 1632 1194 colitur?
1654 1131 1742 1211 Quid

285 1238 345 1298 sibi
368 1246 417 1297 tot
440 1237 640 1296 ceremoniae
663 1254 682 1295 a
705 1234 878 1296 maioribus
901 1237 1018 1296 nostris
1041 1236 1202 1296 institutae
1225 1234 1356 1296 volunt?
1381 1235 1546 1310 Furemur,
1569 1239 1741 1315 rapiamus

284 1341 411 1420 quoties
426 1339 457 1400 id
474 1339 599 1401 occulte
623 1339 724 1401 facere
746 1340 931 1417 poterimus,
955 1357 1164 1400 exerceamus
1179 1338 1342 1413 adulteria,
1365 1337 1536 1415 latrocinia,
1559 1340 1741 1423 sacrilegia:

285 1444 359 1505 nihil
379 1464 439 1505 nos
455 1464 473 1504 a
489 1444 608 1505 scelere
631 1443 797 1505 deterreat.
822 1441 936 1523 Neque
959 1446 1043 1504 enim
1066 1463 1189 1523 poenas
1211 1444 1319 1526 legum
1342 1444 1529 1518 verebimur,
1552 1463 1626 1505 cum
1642 1463 1743 1506 nemo

283 1551 430 1610 conscius
452 1548 568 1623 aderit,
599 1566 704 1627 neque
732 1546 793 1608 Dei
815 1545 994 1621 vindictam,
1024 1550 1080 1627 qui
1109 1549 1254 1610 mortalia
1285 1549 1415 1608 minime
1444 1559 1540 1623 curat,
1574 1568 1633 1610 nec
1657 1549 1743 1610 bene

284 1673 342 1732 pro
366 1654 484 1714 meritis
507 1654 630 1730 capitur
652 1671 710 1713 nec
733 1654 873 1734 tangitur
895 1653 948 1726 ira,
972 1663 1006 1712 ut
1022 1654 1066 1713 ait
1081 1651 1256 1715 Lucretius.
1279 1650 1366 1730 Quid
1382 1651 1423 1713 de
1439 1651 1618 1714 Dicearcho
1642 1664 1742 1734 atque

284 1756 352 1817 aliis
375 1754 500 1818 dicam?
522 1758 575 1836 qui
591 1757 713 1817 animas
730 1767 857 1817 nostras
880 1774 955 1816 cum
977 1775 1113 1836 corpore
1133 1756 1226 1817 simul
1242 1758 1422 1818 interituras
1437 1755 1611 1819 affirmant:
1634 1777 1743 1838 quon-

284 1862 348 1921 iam
379 1863 404 1922 si
435 1879 485 1921 res
514 1863 566 1947 ita
589 1880 623 1920 se
654 1860 758 1934 habet,
789 1859 874 1922 stulti
905 1859 1048 1938 profecto
1079 1880 1139 1920 nos
1167 1880 1286 1933 sumus
1317 1865 1369 1941 qui
1400 1860 1494 1922 aliam
1525 1862 1619 1923 nobis
1642 1864 1742 1924 vitam

284 1967 508 2044 promittimus,
543 1977 574 2025 et
606 1965 700 2026 sedes
734 1966 860 2043 piorum
895 1965 937 2024 ab
971 1966 1074 2042 impiis
1105 1964 1277 2037 distinctas
1311 1974 1408 2045 atque
1442 1967 1613 2045 unicuique
1644 1964 1742 2046 digna

284 2087 420 2149 operum
443 2088 574 2130 suorum
598 2071 739 2148 praemia
763 2067 860 2129 reddi.
895 2068 1094 2151 Pythagoras
1124 2068 1217 2131 tradit
1240 2071 1362 2130 animas
1393 2088 1436 2130 ex
1457 2088 1524 2130 uno
1546 2088 1688 2148 corpore
1712 2072 1743 2130 in

284 2170 370 2233 aliud
392 2174 535 2253 migrare,
567 2172 657 2234 Plato
685 2175 782 2233 etiam
810 2175 841 2233 in
872 2173 1021 2234 animalia
1051 2172 1144 2233 bruta
1172 2171 1339 2245 transferri,
1370 2192 1510 2254 quorum
1540 2173 1661 2236 scilicet
1688 2193 1745 2234 na-

284 2288 396 2350 turam,
421 2275 499 2336 dum
523 2275 629 2337 adhuc
644 2279 674 2336 in
691 2277 754 2336 vita
777 2287 892 2349 essent,
916 2278 1057 2337 imitatae
1073 2276 1214 2338 fuerunt:
1238 2275 1295 2336 sed
1314 2276 1364 2338 hic
1380 2296 1488 2339 sermo
1504 2277 1745 2359 philosophone

284 2381 391 2458 potius
414 2398 512 2458 quam
536 2379 624 2441 alicui
642 2378 759 2441 delirae
778 2378 922 2441 aniculae
938 2382 1114 2453 conveniat,
1139 2380 1278 2443 iudicent
1300 2391 1463 2442 amatores
1478 2400 1602 2444 eorum.
1625 2381 1744 2443 lubent

284 2503 345 2545 nos
366 2502 476 2546 sacrae
498 2483 606 2545 literae
628 2483 731 2544 carnis
754 2483 920 2545 illecebras
942 2496 1096 2563 tanquam
1116 2486 1237 2546 virtutis
1261 2487 1403 2546 inimicas
1427 2486 1515 2547 omni
1537 2504 1612 2546 cura
1628 2505 1746 2565 opera-

285 2605 348 2666 que
364 2574 513 2648 domare:
538 2597 570 2647 at
585 2586 768 2666 Aristippus
791 2584 984 2666 Cyrenaicus
1008 2606 1121 2649 omnes
1145 2608 1195 2649 res
1218 2589 1384 2650 hominum
1408 2588 1608 2668 expetendas
1630 2589 1746 2669 volup-

285 2702 351 2753 tate
373 2693 517 2769 corporis
540 2693 675 2754 metitur.
698 2691 805 2771 Quam
829 2690 1025 2755 dementiam
1041 2704 1169 2755 secutus
1192 2691 1361 2771 Epicurus:
1385 2692 1468 2767 nihil,
1492 2694 1602 2773 inquit,
1624 2693 1745 2767 habeo,

285 2793 362 2875 quid
386 2795 509 2856 bonum
533 2795 713 2878 intelligam,
737 2799 762 2858 si
785 2816 938 2876 saporum
962 2797 1152 2877 voluptates,
1179 2807 1210 2857 et
1233 2815 1316 2876 quae
1339 2816 1383 2857 ex
1405 2797 1561 2858 Venereis
1583 2808 1745 2871 constant,

285 2910 316 2961 et
332 2918 415 2979 quae
430 2900 559 2960 auribus
575 2903 796 2980 percipiuntur,
813 2918 961 2980 quaeque
977 2920 1019 2962 ex
1031 2903 1154 2962 formae
1166 2911 1332 2963 venustate
1345 2900 1557 2975 blandiuntur,
1574 2901 1708 2964 oculum
1716 2900 1745 2984 *)

285 3005 434 3064 auferam.
468 3003 693 3067 Permittamus
715 3024 792 3087 ergo
816 3006 924 3066 fraena
946 3004 1135 3078 libidinibus
1159 3024 1320 3066 versemur
1349 3004 1476 3067 assidue
1503 3008 1533 3067 in
1558 3007 1690 3085 popinis
1713 3018 1745 3068 et

284 3107 504 3186 lupanaribus:
535 3128 609 3170 nam
641 3122 731 3172 tanto
762 3112 898 3190 quisque
929 3109 1064 3170 felicitati
1096 3122 1128 3171 et
1159 3129 1288 3172 summo
1320 3111 1409 3170 bono
1440 3111 1651 3191 propinquior
1677 3113 1745 3183 erit,

285 3222 407 3291 quanto
430 3231 464 3273 se
486 3211 686 3290 voluptatum
717 3232 821 3275 coeno
843 3214 1031 3292 profundius
1054 3215 1228 3295 immerget.
1259 3212 1387 3274 Laudat
1409 3211 1494 3273 idem
1521 3211 1613 3274 Plato
1637 3216 1745 3275 matri-

285 3317 468 3377 moniorum
491 3336 696 3378 communem
721 3338 823 3389 usum,
855 3329 887 3378 et
909 3318 1070 3380 nudorum
1095 3320 1245 3379 iuvenum
1267 3330 1366 3397 atque
1388 3317 1566 3396 puellarum
1589 3321 1744 3380 exercita-

284 3422 404 3480 tiones:
426 3421 540 3501 dignus
556 3433 641 3482 certe
657 3434 854 3502 praeceptor,
870 3425 920 3484 cui
936 3422 1156 3484 adolescentes
1172 3421 1367 3483 erudiendos
1382 3421 1554 3492 tradamus,
1570 3434 1606 3484 ut
1617 3420 1744 3484 discant

285 3522 326 3583 ad
350 3543 448 3584 unam
472 3525 638 3586 mulierem
662 3538 816 3605 tanquam
841 3545 936 3587 canes
959 3546 1156 3599 concurrere,
1184 3538 1215 3587 et
1238 3524 1424 3587 deficientes
1453 3525 1601 3588 libidines
1624 3526 1744 3587 formo-

285 3645 395 3689 sorum
418 3647 592 3707 corporum
615 3641 747 3708 aspectu
771 3641 867 3709 atque
886 3632 1138 3693 contrectatione
1158 3631 1305 3690 excitare.
1330 3628 1396 3690 lam
1411 3649 1486 3690 vero
1509 3629 1597 3692 Zeno
1613 3628 1744 3693 Atticus

285 3750 325 3792 eo
349 3733 489 3793 insaniae
513 3737 674 3811 processit,
699 3746 733 3795 ut
756 3737 863 3796 omnia
886 3746 1018 3813 peccata
1041 3734 1126 3796 dicat
1148 3737 1235 3813 paria
1259 3753 1345 3796 esse:
1368 3753 1473 3814 neque
1500 3735 1676 3813 quicquam
1698 3755 1744 3797 re

285 3834 372 3907 ferre,
395 3835 556 3917 gallumne
571 3837 779 3919 gallinaceum
796 3841 863 3900 sine
886 3857 982 3900 causa
998 3859 1039 3900 an
1054 3849 1179 3919 patrem
1195 3838 1399 3900 interfeceris:
1423 3857 1490 3918 quo
1510 3838 1588 3919 quid
1604 3840 1744 3918 ineptius

285 3941 416 4019 eogitari
441 3941 563 4018 potest?
594 3940 679 4018 Quid
701 3943 817 4022 loquar
839 3943 881 4004 de
904 3944 979 4017 aliis,
1010 3962 1147 4023 quorum
1177 3944 1299 4022 primus
1329 3940 1447 4004 Thales
1477 3946 1619 4024 magneti
1646 3943 1744 4023 lapidi

284 4044 424 4103 animam
448 4045 564 4106 tribuit.
587 4043 802 4128 Anaxagoras
825 4048 951 4109 coelum
975 4049 1018 4109 ait
1041 4067 1083 4108 ex
1105 4046 1265 4127 lapidibus
1288 4049 1504 4126 compositum
1529 4066 1609 4110 esse.
1640 4048 1744 4109 Possi-

285 4146 402 4207 donius
425 4146 536 4222 solem,
559 4168 632 4210 cum
656 4149 791 4212 Oceano
808 4153 968 4232 mergitur,
992 4151 1098 4230 prodit
1122 4152 1284 4235 ingentem
1308 4151 1404 4211 edere
1420 4153 1597 4229 strepitum.
1621 4150 1745 4214 Demo·

285 4251 381 4309 critus
411 4269 485 4310 aves
517 4254 670 4327 nominat,
705 4274 840 4334 quarum
872 4257 1026 4336 sanguine
1056 4256 1192 4317 confuso
1222 4273 1353 4332 serpens
1383 4257 1528 4336 gignitur,
1559 4275 1659 4335 quem
1688 4259 1745 4336 qui

285 4352 392 4425 ederit,
416 4354 631 4417 intellecturus
654 4360 694 4420 sit
717 4361 822 4419 avium
849 4358 1017 4439 colloquia.
1047 4358 1266 4437 Xenophanes
1297 4360 1327 4418 in
1359 4379 1502 4420 concavo
1526 4359 1622 4420 lunae
1645 4360 1744 4421 alium

286 4458 398 4517 orbern
426 4459 570 4522 collocat.
606 4460 790 4524 Academici
814 4465 921 4525 omnia
944 4465 1032 4525 aiunt
1055 4464 1173 4523 incerta
1197 4481 1275 4523 esse.
1305 4461 1383 4524 Dies
1406 4481 1458 4522 me
1481 4461 1627 4541 profecto
1651 4465 1745 4524 citius

286 4580 384 4640 quam
408 4566 509 4624 oratio
541 4564 699 4640 deficeret,
730 4570 754 4628 si
786 4587 901 4629 omnes
931 4567 1199 4647 philosophorum
1228 4586 1329 4647 nugas
1360 4585 1617 4627 commemorare
1640 4566 1745 4640 velim,

285 4678 318 4726 ut
343 4667 416 4725 mihi
441 4669 638 4729 verissimum
669 4671 822 4744 videatur,
854 4671 942 4751 quod
967 4674 1009 4732 ait
1032 4669 1158 4733 Cicero:
1190 4670 1265 4731 nihil
1296 4682 1362 4731 tam
1393 4669 1522 4731 absurdi
1550 4671 1612 4732 dici
1637 4690 1745 4752 posse,

285 4769 373 4850 quod
397 4790 461 4831 non
487 4771 609 4834 dicatur
632 4776 673 4835 ab
697 4775 804 4855 aliquo
828 4776 1104 4855 philosophorum.
1129 4775 1219 4837 Vale.

375 4942 486 5025 Uryvelr
511 4967 588 5011 tento
614 4959 681 5014 beze
700 4962 742 5014 vil
761 4962 865 5032 tipravy
884 4962 996 5015 listovnf
1022 4961 1103 5014 otiskl
1123 4962 1198 5016 Mitis
1221 4964 1275 5033 pod
1294 4963 1420 5033 napisem
1441 4962 1600 5016 »Cnidum«¹
1631 4963 1679 5032 My
1699 4981 1745 5016 ne

286 5042 371 5094 chteli
392 5042 464 5111 jsme
483 5045 520 5097 ho
540 5048 698 5115 vynechati,
717 5049 859 5117 ponevadi
884 5067 913 5101 se
933 5067 949 5100 v
969 5052 1031 5102 nem
1052 5050 1247 5103 Bohuslavova
1271 5050 1406 5119 povrchnf
1431 5049 1539 5102 znalost
1559 5048 1678 5102 filosohe
1698 5067 1745 5103 an·

285 5128 359 5181 ticke
379 5129 463 5183 doble
483 5134 564 5186 zradi.

373 5323 398 5388 i)
417 5310 459 5375 Cti
480 5327 576 5378 oculis.
