3696 5836
805 359 898 420 1509.
1526 361 1576 416 191

125 586 216 654 parte
239 571 393 638 Catilinae
416 594 534 637 sumus.
559 575 639 669 Quis
661 578 746 637 enim
769 587 914 637 nostrum
937 587 993 649 est,
1016 578 1078 656 qui,
1109 595 1174 637 non
1198 575 1271 637 dico
1294 578 1483 657 sanguinem
1505 596 1578 657 pro-

125 679 266 754 fundere,
290 679 347 741 sed
370 680 520 763 exiguam
543 683 720 760 patrimonii
744 683 898 742 iacturam
922 699 980 759 pro
1004 679 1165 761 republica
1189 680 1292 741 iacere
1315 679 1403 742 velit?
1427 678 1507 759 Quis
1530 679 1578 740 vel

124 801 200 843 cum
222 785 360 862 pernicie
383 785 451 845 eius
473 801 538 844 non
562 781 675 844 llorere
703 794 734 843 et
764 784 921 845 dominari
953 783 1079 863 cupiat?
1112 782 1267 862 Quamvis
1296 802 1401 863 neque
1425 803 1471 858 ea,
1495 801 1577 863 quae

124 886 361 948 dominantium
378 898 461 960 sunt,
477 889 609 969 agimus
627 886 683 948 sed
707 907 780 948 cum
797 907 945 965 praeesse
968 907 1028 948 nos
1044 887 1189 960 delectet,
1213 889 1430 949 subiectorum
1451 889 1578 948 iniurias

122 991 313 1069 propulsare
336 993 470 1052 omnino
501 991 697 1072 negligimus.
728 989 876 1070 Quantus
907 995 982 1053 item
1013 994 1052 1052 sit
1083 1004 1192 1052 noster
1214 1011 1289 1073 erga
1319 994 1454 1070 patriam
1478 1011 1577 1064 amor,

123 1093 171 1155 vel
195 1114 238 1156 ex
260 1114 301 1156 eo
325 1106 473 1156 constare
496 1106 612 1174 potest,
635 1095 724 1175 quod
748 1095 787 1169 hi,
811 1098 864 1176 qui
888 1108 1040 1174 spernunt
1064 1095 1186 1169 indicia,
1210 1095 1486 1157 senatusconsulta
1502 1114 1578 1156 con-

122 1208 280 1272 temnunt,
304 1198 444 1259 latrones
459 1198 568 1261 fovent
582 1211 820 1279 receptamque,
836 1218 902 1260 non
919 1199 1021 1260 modo
1037 1210 1203 1261 versantur
1222 1211 1296 1261 ante
1312 1210 1440 1261 nostros
1457 1198 1577 1272 oculos

123 1301 181 1363 sed
204 1321 288 1382 pene
311 1301 461 1365 insultant
486 1304 716 1366 innocentibus
741 1302 924 1364 Mussamus
947 1314 1054 1365 tamen
1077 1302 1119 1364 ad
1143 1306 1252 1365 omnia
1275 1315 1306 1364 ct
1327 1301 1490 1364 flammam
1515 1303 1578 1364 late

123 1418 306 1484 serpentem
337 1425 479 1468 crescere
509 1409 662 1486 patimur:
697 1426 763 1486 quo
795 1407 838 1481 fit,
869 1418 903 1468 ut
934 1407 993 1468 hac
1016 1405 1171 1467 scelerum
1198 1409 1385 1488 impunitate
1413 1410 1578 1487 proposita

122 1509 354 1572 audacissimus
377 1512 512 1590 quisque
535 1511 610 1571 nihil
633 1511 693 1571 sibi
716 1530 781 1570 non
805 1511 895 1572 licere
920 1522 1017 1589 putet.
1042 1510 1133 1573 Multi
1156 1514 1252 1572 etiam
1275 1511 1335 1571 bos
1350 1511 1445 1573 divini
1467 1512 1578 1573 huma-

122 1616 220 1694 nique
243 1613 318 1674 iuris
339 1614 510 1676 violatores
533 1616 710 1694 patrocinio
733 1635 793 1675 suo
817 1626 944 1676 tuentur
963 1625 1060 1694 atque
1072 1614 1266 1687 defendunt,
1290 1615 1528 1696 glorianturque
1544 1636 1579 1678 se

122 1728 249 1780 tantum
280 1720 417 1801 ingenio,
452 1718 635 1798 eloquentia
665 1721 919 1797 auctoritateque
951 1719 1061 1793 valere,
1097 1730 1130 1780 ut
1165 1719 1336 1781 sceleratos
1370 1721 1516 1782 homines
1547 1731 1579 1780 et

124 1824 270 1884 omnium
298 1822 361 1883 iere
384 1821 532 1884 ordinum
563 1824 727 1885 sententiis
757 1822 993 1884 condemnatos
1023 1823 1168 1902 periculis
1198 1824 1320 1901 eripere
1346 1825 1477 1903 possint.
1512 1824 1579 1884 lam

124 1945 199 1988 vero
226 1927 360 1988 ambitio
389 1926 476 2001 haec,
509 1929 570 1989 utri
601 1947 714 1989 eorum
742 1925 971 2005 rempublicam
1002 1947 1044 1988 ex
1074 1929 1231 1988 sententia
1262 1947 1320 1989 sua
1352 1927 1581 2000 administrent,

124 2031 196 2109 quis
219 2048 285 2090 non
308 2029 459 2112 intelligit,
483 2040 637 2111 quorsum
660 2030 804 2109 spectet?
838 2030 881 2093 Ut
905 2032 990 2092 enim
1014 2049 1136 2105 navem,
1160 2033 1191 2091 in
1214 2049 1278 2110 qua
1301 2043 1418 2093 nautae
1440 2033 1582 2093 saevien-

123 2135 210 2195 tibus
232 2132 379 2213 procellis
401 2134 609 2207 contendunt,
641 2137 787 2214 quisnam
811 2137 1013 2213 potissimum
1038 2154 1109 2196 eam
1137 2134 1303 2216 gubernet,
1338 2136 1504 2215 periclitari
1528 2154 1582 2196 ne-

124 2256 214 2299 cesse
236 2249 296 2299 est:
331 2239 374 2300 ita
403 2237 535 2300 foedum
556 2239 620 2301 hoc
649 2239 691 2300 de
722 2241 899 2320 principatu
929 2249 1090 2300 certamen
1121 2238 1312 2318 reipublicae
1343 2239 1480 2301 salutare
1507 2258 1578 2301 esse

123 2343 256 2403 minime
279 2353 394 2420 potest.
421 2342 489 2403 Nec
512 2343 589 2404 mihi
611 2344 681 2423 quis
705 2362 798 2417 nunc,
822 2362 887 2423 quo
911 2343 995 2405 mala
1018 2354 1128 2405 nostra
1154 2342 1365 2404 tolerabiliora
1386 2346 1577 2416 existimem,

123 2445 263 2507 Romam
286 2456 492 2527 caeterasque
514 2447 709 2526 respublicas
724 2459 964 2522 commemoret,
987 2466 1071 2527 quae
1094 2447 1185 2508 simili
1208 2447 1324 2507 morbo
1345 2447 1576 2509 laboraverunt.

124 2548 169 2612 Ut
191 2553 278 2612 enim
301 2550 373 2612 illae
395 2550 604 2613 seditionibus
628 2554 805 2631 principum
835 2564 933 2631 atque
964 2551 1123 2614 discordia
1154 2553 1323 2630 perierunt,
1353 2554 1396 2612 ita
1419 2563 1451 2613 et
1474 2553 1576 2624 nobis,

122 2656 180 2718 nisi
203 2656 397 2730 cavebimus,
427 2657 558 2731 eveniet,
589 2658 774 2734 praesertim
798 2675 871 2718 cum
894 2657 1038 2719 nondum
1067 2676 1106 2717 eo
1136 2657 1379 2736 pervenerimus,
1414 2664 1456 2727 ut,
1486 2655 1575 2734 quod

121 2758 277 2822 Romanis
293 2759 477 2840 aliquandiu
493 2763 631 2842 contigit,
656 2761 876 2842 magnitudine
900 2781 1000 2842 opum
1015 2764 1088 2823 vitia
1112 2772 1220 2822 nostra
1236 2761 1392 2821 sustinere
1407 2761 1575 2839 possimus.

121 2863 248 2944 Quodsi
272 2863 408 2927 aliorum
429 2865 578 2944 exempla
601 2865 736 2946 placent,
759 2884 868 2926 nonne
892 2866 1004 2927 melius
1027 2876 1074 2926 est
1097 2884 1135 2926 ea
1158 2865 1278 2940 imitari,
1305 2866 1421 2944 quibus
1443 2866 1577 2943 imperia

122 2979 270 3031 crescunt
299 2978 331 3030 et
361 2981 527 3050 augentur,
562 2989 659 3050 quam
683 2970 799 3049 quibus
821 2973 1010 3032 amittuntur
1039 2980 1071 3030 et
1098 2969 1272 3031 intereunti
1306 2968 1346 3030 Et
1369 2988 1442 3030 cum
1465 2968 1515 3029 hic
1538 2969 1578 3029 sit

124 3091 229 3134 rerum
252 3083 435 3134 nostrarum
457 3084 567 3148 status
591 3092 657 3136 non
680 3074 798 3136 desunt
821 3087 939 3148 tamen,
962 3074 1015 3154 qui
1038 3072 1116 3135 mihi
1139 3075 1215 3135 vitio
1239 3072 1326 3145 dant,
1350 3071 1480 3153 quoda
1503 3091 1578 3133 con-

123 3177 272 3238 ventibus
295 3178 410 3238 nostris
425 3178 581 3239 abstineo.
604 3177 676 3260 Ego
692 3198 768 3240 vero
790 3179 839 3240 vel
862 3181 1012 3260 ignavum
1035 3180 1136 3239 otium
1153 3179 1243 3255 sequi
1262 3188 1423 3255 praestare
1445 3177 1580 3237 arbitror

125 3298 223 3360 quam
246 3299 320 3342 cum
342 3282 580 3355 insanientibus,
601 3293 636 3344 ut
659 3282 719 3344 dici
742 3284 831 3357 solet,
856 3284 999 3358 insanire,
1022 3282 1209 3361 vellemque,
1235 3283 1260 3342 si
1282 3280 1349 3342 lieri
1372 3290 1490 3358 posset,
1515 3280 1579 3360 ple-

125 3403 224 3464 raque
246 3403 369 3458 eorum,
393 3404 476 3465 quae
499 3405 565 3447 non
588 3386 690 3461 video,
721 3386 817 3448 etiam
840 3406 906 3448 non
929 3386 1048 3448 audire.
1080 3385 1227 3447 Forsitan
1258 3387 1343 3445 enim
1373 3383 1578 3464 tranquilliori

124 3506 230 3549 essem
253 3491 372 3563 anssmo,
402 3508 508 3568 neque
538 3490 691 3552 adversus
714 3490 935 3573 aegritudines
967 3510 1048 3569 quas
1078 3509 1120 3550 ex
1143 3489 1202 3550 hac
1233 3489 1425 3569 reipublicae
1448 3500 1578 3549 nostrae

124 3594 213 3654 ruina
236 3591 382 3671 quotidie
403 3596 505 3673 capio,
535 3596 630 3657 toties
653 3594 761 3657 luctari
784 3614 921 3677 cogerer.
954 3593 1073 3668 Habes,
1104 3612 1187 3674 quae
1211 3594 1253 3655 de
1275 3594 1459 3655 domesticis
1482 3594 1577 3654 rebus

124 3698 278 3758 sentiam:
308 3700 416 3777 accipe
439 3717 525 3760 nunc
547 3710 688 3773 externa,
720 3719 803 3779 quae
826 3699 1076 3778 nudiusquartus
1098 3697 1139 3759 ad
1163 3717 1215 3758 me
1238 3716 1281 3757 ex
1305 3696 1459 3774 Hispania
1482 3696 1577 3757 allata

124 3810 206 3862 sunt.
236 3799 402 3876 Emanuel,
433 3800 622 3878 Lusitaniae,
654 3823 753 3884 quam
776 3802 992 3884 Portugaliam
1015 3813 1138 3877 vocant,
1168 3822 1224 3862 rex
1251 3812 1391 3881 quatuor
1420 3801 1516 3861 urbes
1546 3802 1577 3861 in

124 3901 230 3966 Airica
254 3904 361 3966 multis
384 3907 446 3967 iam
469 3907 559 3967 annis
582 3907 735 3986 possedit,
758 3907 814 3968 sed
834 3908 992 3985 praesenti
1016 3924 1120 3967 rerum
1143 3916 1228 3967 statu
1251 3906 1380 3966 minime
1398 3915 1577 3975 contentus,

124 4019 159 4069 ut
182 4027 255 4070 mos
277 4008 408 4071 humani
431 4012 548 4092 ingenii
577 4024 632 4086 est,
664 4011 817 4074 nonnulla
840 4010 962 4090 oppida
993 4012 1075 4090 regis
1101 4007 1310 4070 Mauritaniae
1333 4012 1405 4082 sive,
1436 4021 1470 4070 ut
1493 4002 1582 4069 nunc‘

123 4112 309 4199 loquuntur,
332 4112 447 4175 Feciae
470 4113 555 4176 bello
571 4115 719 4177 invadere
735 4117 852 4176 statuit.
876 4114 980 4176 Sensit
997 4114 1028 4175 id
1045 4111 1183 4185 Maurus,
1207 4115 1472 4194 congregatisque
1488 4114 1578 4191 quin-

124 4219 277 4301 quaginta
300 4217 426 4279 milibus
456 4218 624 4279 hominum
651 4219 781 4280 consilia
804 4218 989 4280 Emanuelis
1012 4219 1187 4297 praevertit,
1219 4228 1250 4278 et
1273 4214 1429 4287 Arsiliam,
1452 4216 1579 4278 Lusita-

125 4325 196 4384 niae
219 4321 353 4384 dicionis
376 4324 497 4391 urbem,
519 4322 742 4384 nihilomnino
765 4322 828 4385 tale
845 4334 1041 4385 metuentem
1063 4323 1170 4383 subito
1190 4340 1359 4402 aggressus
1374 4324 1578 4403 expugnavit,

124 4438 156 4488 et
179 4425 330 4506 quicquid
352 4426 520 4487 hominum
542 4429 627 4489 intus
649 4439 725 4502 erat,
756 4447 821 4488 non
845 4429 937 4489 sexui
959 4446 1025 4488 non
1049 4427 1143 4486 aetati
1171 4446 1312 4504 parcens,
1341 4425 1422 4485 ferro
1454 4424 1577 4485 delevit.

125 4528 220 4592 Nune
241 4549 349 4592 arcem
372 4533 457 4592 urbis
480 4541 655 4614 oppugnat,
680 4551 763 4611 quae
788 4534 941 4611 quoniam
965 4535 995 4593 in
1018 4530 1091 4592 loco
1115 4533 1238 4592 munito
1262 4534 1320 4592 sita
1343 4541 1400 4602 est,
1424 4530 1578 4609 liberique

125 4634 166 4695 ad
189 4654 261 4696 eam
284 4645 486 4697 commeatus
510 4637 588 4696 mari
611 4646 730 4715 patent,
753 4635 891 4697 creditur
914 4637 1054 4697 hostium
1078 4648 1213 4697 conatus
1236 4634 1276 4694 ad
1300 4646 1428 4712 tempus
1443 4635 1578 4694 tolerare

124 4757 229 4817 posse,
252 4741 437 4819 praesertim
460 4757 532 4799 cum
556 4737 739 4800 Lusitaniae
770 4739 1010 4820 Hispaniaeque
1034 4759 1125 4820 reges
1154 4740 1272 4799 nostris
1299 4756 1395 4816 opem
1420 4737 1510 4798 laturi
1535 4740 1580 4798 in·

125 4843 210 4924 genti
232 4843 334 4904 classe
357 4845 387 4903 in
410 4841 551 4904 Africani
574 4845 759 4905 traiecerint.
784 4842 1053 4921 Conspiraverunt
1076 4855 1183 4904 autem
1207 4861 1280 4902 cum
1306 4840 1421 4901 lllauro
1442 4852 1581 4920 quatuor

124 4946 174 5006 alii
196 4965 295 5029 reges
319 4948 373 5027 qui
396 4949 511 5025 partim
535 4949 726 5020 interiorem,
750 4949 865 5026 partim
889 4949 1080 5008 exteriorem
1104 4946 1230 5007 Africae
1253 4965 1344 5006 oram
1368 4945 1487 5018 colunt,
1511 4958 1579 5007 tan-

125 5059 223 5128 taque
246 5049 417 5112 multitudo
441 5053 589 5112 inarmis
620 5064 676 5125 est,
708 5064 742 5113 ut
765 5062 904 5113 trecenta
935 5051 1019 5111 milia
1047 5051 1254 5112 barbaronrm
1283 5052 1470 5111 convenisse
1494 5049 1578 5110 lama

124 5157 171 5216 sit.
194 5153 285 5228 Vale,
308 5166 340 5216 et
362 5157 472 5231 scribe,
495 5159 589 5217 sime
612 5157 747 5217 scribere
770 5159 824 5217 vis
850 5155 1019 5231 llymnum
1035 5155 1076 5215 ad
1093 5153 1197 5214 divam
1222 5152 1381 5235 Agnetem
1402 5155 1457 5216 tibi
1478 5156 1577 5215 mitto.

125 5257 245 5319 Datum
272 5258 532 5338 llassensteynae
555 5261 605 5323 24.
626 5260 772 5341 Januarii.
