3660 5850
193 393 229 449 aa
621 363 627 374 ’
873 393 965 456 1492

193 628 418 690 quemcunque
450 611 572 672 exitum
606 613 770 694 negotium
793 608 1011 673 Olomuceuse
1044 610 1196 684 habuerit,
1230 629 1293 693 ego
1328 618 1435 671 tamen
1472 630 1547 674 cum
1577 609 1643 672 aliis

193 714 355 775 hloraviae
377 714 570 793 proceribus,
593 724 661 775 tum
685 713 819 777 domino
834 712 975 778 Stiborio
998 733 1051 776 me
1065 714 1237 794 plurimum
1259 713 1378 776 debere
1400 714 1568 790 confiteor,
1591 717 1643 794 qui

191 838 244 880 me
267 818 354 880 nullo
376 820 435 881 sibi
458 819 566 880 officio
590 831 644 881 aut
661 818 868 880 familiaritate
890 820 1096 882 coniunctum
1118 838 1195 898 prae
1217 819 1369 880 omnibus
1392 816 1459 880 aliis
1482 817 1642 901 delegerit,

191 941 289 1002 quem
312 922 353 985 ad
377 934 501 986 tantum
521 923 656 997 culmen,
681 934 836 1002 quantum
859 925 891 985 in
907 943 947 985 eo
971 933 1026 997 est,
1050 922 1219 1003 provehat:
1243 922 1415 1003 habeoque
1430 942 1497 985 non
1513 942 1642 1004 parvam

190 1028 312 1090 homini
335 1030 366 1089 in
394 1030 572 1107 praesentia
595 1029 737 1109 gratiam,
765 1046 871 1108 neque
893 1028 1005 1089 referre
1028 1028 1195 1111 gravabor,
1222 1024 1403 1108 siquando
1431 1029 1473 1088 ita
1496 1038 1642 1105 tempora

190 1132 326 1205 tulerint,
349 1141 383 1193 ut
406 1134 435 1194 ei
459 1132 580 1194 utilitati
604 1143 659 1194 aut
681 1132 796 1193 honori
819 1151 890 1193 esse
912 1133 1040 1212 possim.
1079 1130 1284 1211 Scripsissem
1306 1131 1406 1212 plura,
1428 1130 1487 1192 sed
1510 1133 1643 1194 nuncius

191 1248 265 1300 tuus
287 1237 372 1299 adeo
395 1248 553 1317 properat,
576 1247 612 1299 ut
635 1237 711 1298 mihi
735 1239 787 1298 vix
811 1234 977 1298 dimidium
996 1234 1095 1297 horae
1118 1235 1160 1297 ad
1181 1234 1416 1298 rescribendum
1431 1238 1641 1298 ‘concesserit

191 1341 280 1404 Vale.
303 1341 354 1403 Ex
378 1342 526 1404 Bulsania
551 1341 634 1406 1492
658 1341 708 1403 die
732 1340 842 1404 Martis
866 1351 938 1420 post
962 1341 1053 1402 serias
1076 1339 1215 1402 Simonis
1237 1353 1269 1402 et
1289 1339 1401 1422 Judae.

277 1530 408 1598 Hejtman
428 1531 573 1599 moravsky'
597 1548 651 1599 pan
674 1530 769 1584 Ctibor
791 1530 976 1598 Tovaeovaky'
994 1547 1009 1582 z
1028 1529 1185 1592 Cimburka,
1207 1529 1254 1596 jak
1272 1546 1287 1582 z
1305 1529 1370 1583 lietu
1398 1530 1506 1583 nadeho
1524 1528 1641 1598 iysvlta,

194 1616 376 1672 kandidaturu
395 1619 590 1672 Bohualavovu
609 1617 698 1672 dsilne
717 1617 893 1687 podporoval.
924 1617 1065 1671 Bohuslav
1083 1616 1180 1685 slibuje
1199 1634 1247 1669 mu
1265 1616 1410 1679 vdddnost,
1433 1619 1476 1670 ale
1495 1620 1594 1686 §patrie
1612 1633 1641 1668 se

194 1721 239 1757 mu
258 1705 388 1769 odmenil,
407 1705 501 1759 sdelav
520 1704 627 1774 pozdeji
646 1722 682 1758 na
694 1712 763 1758 emrt
778 1704 845 1773 jeho
863 1705 887 1770 (i
906 1703 948 1757 26.
968 1705 1070 1758 dervna
1090 1703 1167 1769 1491)
1185 1704 1346 1773 epigramm,
1360 1722 1376 1754 v
1392 1705 1472 1757 nemi
1490 1704 1532 1772 Jej
1546 1703 1640 1772 posilal

193 1793 228 1844 do
246 1793 326 1860 pella
345 1792 453 1860 (Srovn.
473 1792 629 1846 Palaclrdho
650 1793 683 1854 V,
705 1792 727 1853 1,
746 1791 799 1843 358
815 1809 832 1845 a
851 1793 945 1845 Poem.
965 1792 1100 1860 appendix
1119 1790 1188 1858 297).

892 2094 942 2158 35.

491 2231 711 2306 Bohuslav
739 2231 989 2305 Bernhardu
1018 2228 1341 2304 Adelmannovi.

278 2401 356 2468 (¹492
375 2431 407 2441 -
426 2401 522 2469 vlint.)
550 2402 615 2455 vua
630 2402 667 2470 jej
687 2420 702 2455 z
721 2410 799 2472 cesty
823 2402 950 2471 angliclrd
971 2402 979 2455 i
997 2401 1123 2470 dotazuje
1147 2419 1177 2456 se
1202 2403 1238 2456 ho
1261 2418 1298 2471 po
1316 2402 1524 2455 zvldstnostech
1551 2403 1638 2454 ontch

191 2488 286 2556 krajin.
304 2490 394 2556 (Nova
412 2488 491 2559 epist
509 2507 571 2559 app.
589 2488 643 2556 46.)

278 2666 463 2730 Bemhardo
486 2666 692 2730 Adelmanno
716 2689 740 2730 s
764 2668 793 2730 d.
831 2668 983 2748 Suspicor
1006 2680 1045 2741 te,
1073 2667 1264 2741 Bemharde,
1295 2669 1358 2730 iam
1388 2686 1431 2729 ex
1453 2665 1573 2749 Anglia
1594 2685 1638 2727 re·

191 2790 317 2832 versum
339 2790 418 2845 esse,
447 2770 543 2851 idque
571 2791 613 2833 ex
642 2773 735 2834 literis
758 2771 914 2835 Gabrielis
940 2775 993 2847 tui,
1022 2791 1102 2852 quas
1129 2772 1171 2835 ad
1195 2791 1248 2834 me
1273 2791 1375 2852 nuper
1402 2771 1501 2846 dedit,
1524 2773 1637 2851 quibus

189 2875 339 2953 sperabat
361 2887 393 2938 te
416 2878 563 2954 lupatria
587 2875 628 2937 ad
644 2878 786 2938 solennia
809 2877 870 2938 divi
888 2876 1014 2938 Martini
1037 2877 1186 2939 futurum.
1211 2877 1320 2958 Itaque
1336 2896 1446 2938 morae
1471 2877 1638 2956 impatiens

189 2998 255 3040 non
278 2982 368 3059 potui
383 2979 458 3042 mihi
482 2991 666 3059 temperare.
690 2983 765 3060 quin
789 3001 830 3042 ex
853 2992 901 3043 tot
917 2983 1110 3043 immanibus
1125 2981 1293 3062 efferisque
1315 2982 1464 3061 gentibus
1488 2980 1636 3043 reducem

188 3086 341 3162 quoniam
358 3083 530 3165 complexu
546 3104 611 3145 non
627 3104 768 3165 possum,
792 3086 887 3146 literis
902 3084 1016 3148 saltem
1032 3088 1196 3165 excipiam.
1221 3083 1369 3164 Optarim
1383 3086 1469 3145 enim
1486 3085 1637 3146 maiorem

188 3191 218 3249 in
235 3188 369 3250 modum
385 3190 448 3250 hoc
470 3201 616 3270 tempore
633 3192 663 3250 in
679 3191 889 3252 contubernio
906 3202 963 3252 tuo
979 3192 1093 3252 versari
1110 3201 1141 3252 et
1158 3188 1325 3252 Orchadas
1347 3190 1466 3251 insulas
1482 3189 1637 3251 ultimam·

186 3312 251 3371 que
273 3293 399 3356 Thulen
422 3304 454 3355 et
477 3296 604 3373 penitus
626 3305 696 3356 toto
719 3293 838 3356 divisos
862 3295 940 3357 orbe
956 3294 1124 3357 Britannos
1147 3298 1377 3373 innumeraque
1400 3293 1460 3355 alia
1483 3293 1516 3355 id
1538 3313 1637 3377 genus

187 3416 228 3458 ex
251 3409 283 3459 te
298 3417 502 3480 cognoscere.
525 3397 666 3478 Quando
685 3412 792 3462 autem
809 3399 841 3460 id
857 3399 924 3461 fieri
940 3402 970 3461 in
987 3402 1167 3478 praesentia
1190 3401 1319 3461 minime
1335 3408 1449 3478 potest,
1475 3408 1506 3459 te
1520 3417 1636 3480 precor,

185 3514 220 3564 ut
242 3501 283 3563 ad
308 3522 359 3563 me
383 3504 546 3583 quippiam
570 3503 728 3564 eiusmodi
752 3505 938 3583 perscribas.
962 3505 1048 3566 unde
1072 3503 1243 3587 intelligam
1267 3522 1332 3566 non
1349 3502 1464 3564 frustra
1487 3521 1635 3585 magnam

187 3604 420 3684 Septentrionis
442 3608 622 3686 portionem
648 3608 706 3669 abs
734 3620 764 3669 te
787 3618 988 3690 peragratam
1011 3627 1089 3670 esse.
1125 3607 1210 3669 Nihil
1233 3611 1318 3670 enim
1348 3619 1405 3682 est,
1429 3605 1519 3688 quod
1543 3625 1636 3668 nosse

187 3710 288 3791 magis
310 3713 436 3789 cupiam
459 3731 557 3791 quam
587 3712 738 3773 arborum
762 3711 885 3773 illarum
909 3724 1064 3786 naturam,
1095 3731 1176 3793 quas
1206 3714 1239 3774 in
1269 3732 1307 3774 ea
1330 3711 1512 3775 Britanniae
1539 3723 1636 3790 parte,

186 3833 284 3893 quam
311 3812 467 3877 Scottiam
496 3827 620 3889 vocant,
655 3818 739 3898 gigni
771 3817 954 3894 perhibent:
984 3819 1071 3878 aiunt
1105 3820 1190 3878 enim
1224 3816 1344 3878 lructus
1377 3834 1487 3877 earum
1522 3819 1634 3895 partim

187 3929 398 3981 maturescere
421 3922 452 3981 in
475 3920 643 3982 arboribus
667 3920 848 4002 mandique,
873 3924 987 4001 partim
1011 3924 1042 3982 in
1064 3923 1176 3982 rimam
1200 3921 1310 3984 subter
1333 3919 1481 3982 decidere
1496 3921 1636 4000 vertique

185 4024 218 4083 in
234 4032 352 4084 anates.
377 4024 413 4086 Id
429 4025 487 4086 etsi
502 4028 615 4087 mirum
632 4037 688 4101 est,
707 4026 920 4088 consideranti
936 4038 1044 4089 tamen
1060 4027 1135 4089 mihi
1150 4029 1214 4087 vim
1229 4035 1490 4106 potestatemque
1506 4036 1636 4088 naturae

185 4145 268 4207 pene
291 4127 367 4189 nihil
398 4129 583 4191 incredibile
613 4130 709 4192 videri
740 4132 830 4203 solet,
854 4134 994 4193 maxime
1024 4151 1097 4194 cum
1126 4150 1193 4193 non
1227 4131 1338 4204 desint,
1369 4131 1423 4210 qui
1454 4149 1490 4191 se
1520 4130 1637 4193 fructus

186 4231 264 4294 tales
287 4243 317 4292 et
341 4245 502 4311 spectasse
525 4244 555 4294 et
579 4233 758 4296 comedisse
774 4247 965 4297 asseverant.
990 4234 1104 4315 Neque
1127 4247 1236 4296 tamen
1258 4236 1318 4297 alia
1340 4245 1373 4296 te
1388 4237 1636 4315 praetermittere

184 4335 286 4408 velim,
310 4337 334 4397 si
351 4355 415 4416 qua
438 4351 617 4400 memoratu
634 4338 730 4419 digna
753 4343 919 4418 putaveris,
943 4352 974 4403 et
992 4340 1072 4415 talia,
1096 4359 1180 4419 quae
1195 4341 1303 4401 animo
1327 4358 1401 4400 meo
1418 4339 1636 4402 diverticulum

184 4438 315 4519 aliquod
339 4460 449 4520 parere
465 4445 596 4522 possint.
620 4443 695 4505 Scio
712 4454 743 4504 te
760 4464 891 4523 quoque
907 4445 1014 4525 aliqua
1037 4465 1056 4506 a
1079 4463 1132 4505 me
1147 4455 1333 4523 expectare:
1357 4443 1415 4505 sed
1432 4442 1506 4505 nihil
1523 4444 1636 4515 haben,

184 4564 250 4624 quo
273 4544 478 4625 cupiditatem
503 4558 590 4608 tuam
615 4548 745 4627 explere
769 4552 898 4627 possim.
922 4550 987 4610 Res
1003 4568 1078 4611 nam
1102 4568 1193 4611 meae
1215 4551 1301 4631 regia
1323 4550 1372 4609 via
1392 4547 1554 4621 incedunt,
1578 4548 1636 4608 hoc

183 4659 230 4708 est
266 4668 370 4729 neque
404 4653 434 4710 in
466 4651 613 4712 dextram
648 4671 752 4731 neque
786 4656 817 4713 in
849 4656 1005 4714 sinistram
1039 4653 1207 4715 declinant.
1246 4652 1282 4713 ld
1305 4651 1400 4731 quale
1431 4655 1479 4726 sit,
1514 4654 1635 4714 etiamsi

184 4751 367 4830 Apollinem
398 4774 555 4835 nusquam
587 4756 779 4825 consuleres,
810 4775 1004 4838 cognoscere
1034 4775 1165 4835 posses:
1197 4758 1222 4817 si
1245 4755 1323 4837 quid
1353 4767 1462 4818 autem
1487 4759 1519 4816 in
1544 4776 1583 4816 ea
1605 4774 1637 4816 re

184 4859 258 4917 novi
280 4856 436 4931 acciderit,
460 4861 581 4937 primus
605 4863 748 4920 omnium
776 4863 970 4921 exteriorum
994 4862 1108 4923 certior
1132 4860 1198 4922 fres.
1236 4857 1371 4921 Caetera
1394 4878 1575 4943 cognosces
1597 4880 1637 4920 ex

183 4960 336 5022 schedula
359 4962 512 5040 epistolae
536 4964 667 5027 inclusa.
693 4964 784 5025 Vale.

271 5150 412 5202 Bernhard
426 5151 580 5204 Adelmann
600 5153 696 5220 poslrln
710 5171 726 5203 x
740 5170 823 5220 srpnu
837 5170 856 5205 r.
874 5152 938 5204 litt.)
951 5153 986 5204 od
999 5152 1113 5221 biskupa
1127 5152 1361 5206 Eichstiidtslreho
1374 5151 1486 5206 Vilema
1500 5171 1514 5205 s
1529 5153 1638 5222 ostatlry

183 5238 298 5305 svaty'eh
319 5238 351 5290 he
371 5238 436 5290 krali
455 5239 626 5307 jindlichovi
639 5240 695 5291 Vll.
715 5242 750 5292 do
770 5240 876 5307 Anglie.
896 5240 1004 5293 Vlastnl
1024 5242 1126 5309 podnet
1145 5241 1252 5309 posldni
1271 5242 1338 5292 tolio
1351 5238 1407 5310 byl,
1426 5238 1481 5309 aby
1500 5241 1638 5308 Angliclro

183 5324 296 5377 zisklmo
315 5324 380 5393 bylo
399 5327 468 5393 proti
489 5327 598 5378 Francii
618 5326 690 5391 (Sar,
712 5327 842 5380 Bischble
862 5344 915 5378 von
936 5327 1080 5380 Eichstiidt
1098 5328 1117 5391 1,
1136 5326 1187 5379 :2⁸29
1205 5344 1221 5380 a
1240 5328 1320 5394 ndsl.)
1346 5327 1525 5396 Jmenovany
1545 5346 1562 5380 v
1575 5327 1639 5380 listu
