3696 5836
1589 349 1642 407 207

194 585 256 628 non
272 567 382 647 possit,
406 576 500 640 taces,
517 576 626 647 patere
649 586 701 628 me
724 585 856 647 quoque
879 569 910 629 in
934 566 1052 648 angulo
1075 568 1255 646 prouinciae
1277 567 1429 629 latentem
1444 579 1557 641 tacere,
1579 578 1642 638 aut,

195 690 274 750 quae
298 672 355 732 tibi
386 672 417 732 in
448 691 500 732 me
531 671 704 750 displicent,
739 673 807 750 ipse
836 673 920 750 prior
949 674 979 731 in
1011 673 1194 752 recorrige.
1226 670 1315 731 Vale.
1347 669 1397 731 Ex
1422 669 1643 750 Hassensteyn

199 774 240 837 15.
264 774 473 855 Septembris.

886 1034 955 1098 180.

609 1172 829 1246 Bohuslav
851 1172 1004 1266 Janovi
1030 1198 1054 1247 z
1082 1173 1223 1270 Pibry.

280 1362 300 1416 Ζ
321 1357 475 1418 llasldleina
490 1390 519 1397 -
534 1360 579 1415 3⁰.
598 1359 693 1417 dubita.
713 1360 889 1429 Doporuduje
908 1362 977 1430 Jana
995 1361 1159 1432 zLibnavy,
1179 1363 1187 1414 i
1207 1363 1336 1416 omlouvd
1355 1381 1393 1426 se,
1406 1366 1472 1434 proc
1491 1364 1538 1417 tak
1551 1364 1644 1418 ziidka

199 1464 241 1500 mu
260 1448 329 1515 pise.
347 1447 426 1515 (Luc.
447 1445 515 1514 121.)

278 1623 393 1704 Joanni
424 1623 465 1685 de
494 1622 588 1685 Pibra
617 1634 675 1685 etc.
699 1644 722 1684 s.
746 1643 775 1702 p.
800 1623 831 1685 d.
865 1620 1068 1687 Commendo
1099 1626 1155 1688 tibi
1185 1626 1269 1688 hunc
1292 1626 1476 1689 familiarem
1499 1639 1644 1689 nostrum

194 1726 349 1808 loannem
372 1725 413 1788 de
435 1726 576 1801 Libnaw,
599 1729 652 1807 qui
676 1728 718 1788 ab
741 1728 816 1807 ipsis
839 1747 920 1809 pene
944 1730 1142 1792 incunabulis
1165 1733 1195 1791 in
1220 1742 1329 1794 nostra
1351 1731 1466 1794 familia
1489 1732 1552 1805 fuit,
1575 1751 1646 1812 pre-

196 1850 321 1911 corque,
345 1842 380 1892 ut
403 1830 524 1891 homini
547 1850 607 1909 pro
630 1842 687 1892 tuo
711 1835 741 1893 in
765 1849 817 1892 me
840 1851 951 1893 amore
974 1852 1040 1894 non
1064 1833 1158 1895 desis.
1183 1833 1296 1916 Neque
1320 1839 1431 1898 attinet
1447 1855 1645 1898 commemo-

196 1955 271 2014 rare,
307 1954 390 2016 quae
423 1936 482 1996 abs
512 1945 543 1996 te
573 1937 695 2014 cupiet,
726 1955 902 2018 cognosces
925 1939 1011 1997 enim
1034 1957 1077 1997 ex
1100 1957 1140 2000 eo
1167 1941 1283 2000 omnia.
1313 1940 1425 2002 Facito
1448 1952 1581 2015 tantum,
1613 1950 1647 2002 ut

197 2039 273 2101 haec
296 2059 369 2101 mea
392 2039 631 2103 commendatio
661 2043 791 2102 minime
813 2041 900 2119 apud
924 2052 956 2104 te
979 2062 1060 2102 vana
1084 2045 1130 2105 sit.
1165 2042 1291 2122 Quodsi
1314 2045 1444 2107 lorsitan
1467 2043 1648 2119 offenderis,

196 2144 283 2224 quod
306 2163 378 2205 raro
393 2165 411 2205 a
428 2163 480 2205 me
501 2143 607 2205 literas
629 2148 753 2225 accipis,
777 2156 812 2208 tu
836 2147 866 2205 in
883 2145 976 2225 culpa
993 2165 1035 2220 es,
1059 2146 1113 2228 qui
1137 2165 1189 2208 me
1205 2166 1370 2226 nunquam
1387 2147 1428 2209 ad
1443 2147 1650 2210 scribendum

198 2267 361 2327 provocas,
391 2268 465 2310 cum
488 2260 597 2311 tamen
628 2254 660 2311 in
683 2270 723 2312 eo
746 2251 820 2313 loco
844 2251 1035 2314 constitutus
1058 2255 1108 2327 εἰς,
1139 2252 1194 2314 ubi
1216 2251 1273 2314 tibi
1296 2270 1398 2333 genus
1420 2251 1582 2314 literarum
1604 2253 1647 2315 ad

197 2371 247 2414 me
270 2352 384 2415 deesse
407 2372 473 2415 non
497 2355 605 2434 possit.
639 2354 730 2430 Vale,
753 2359 796 2417 mi
816 2355 965 2436 Joannes,
989 2366 1020 2418 et
1039 2355 1198 2437 Joannem
1228 2356 1312 2417 hunc
1335 2367 1480 2418 nostrum
1503 2359 1534 2418 in
1557 2368 1646 2418 tuam

198 2456 293 2518 fidem
316 2458 580 2520 commendatum
603 2459 799 2541 tutelamque
824 2462 956 2522 omnino
979 2461 1095 2540 accipe.
1123 2461 1226 2522 Datae
1250 2459 1512 2539 Hassensteynae
1535 2460 1645 2522 ultima

198 2561 321 2642 Aprilis.

284 2750 486 2818 Doporullence
505 2750 650 2814 neznime,
668 2750 714 2804 ani
734 2752 853 2814 nevlme‚
872 2752 943 2804 deho
962 2769 980 2805 u
998 2751 1081 2820 Pibry
1100 2752 1273 2821 pohledaval.

889 3065 960 3130 181.

613 3203 832 3277 Bohuslav
854 3203 1007 3298 Janovi
1038 3229 1062 3278 z
1090 3204 1231 3302 Pibry.

283 3392 403 3462 Vytylra
416 3393 447 3446 ie
461 3409 508 3445 mu
520 3392 591 3460 proti
604 3391 765 3460 diivejilmu
783 3393 873 3461 zvyku
892 3393 989 3445 svemu
1009 3392 1054 3445 nic
1074 3392 1178 3461 neplse⁹
1191 3392 1318 3459 zejmena
1333 3392 1380 3461 jak
1393 3394 1490 3461 polldil
1504 3411 1521 3447 u
1535 3395 1571 3446 M.
1583 3395 1647 3447 Pro·

199 3480 276 3550 kopa,
295 3498 310 3533 s
328 3479 403 3533 nimi
421 3481 476 3533 mel
494 3496 510 3533 z
525 3481 648 3533 naiizenl
666 3481 862 3533 Bohuslavova
877 3479 993 3548 jednati.
1013 3481 1147 3533 Konedne
1166 3479 1243 3543 iada,
1262 3479 1316 3549 aby
1335 3480 1463 3544 obstaral,
1482 3497 1517 3533 co
1536 3498 1583 3535 mu
1601 3498 1648 3550 vy·

197 3567 258 3621 lldil
275 3566 419 3621 sluiebnlk
437 3566 539 3620 Lulras.
558 3567 649 3635 (Nova
667 3567 748 3636 epist.
767 3584 828 3635 app.
846 3566 923 3635 42r.)

281 3744 397 3826 Joanni
421 3743 463 3806 de
485 3743 578 3805 Pibra
594 3765 617 3806 s.
634 3743 664 3804 d.
688 3743 820 3805 Mutasti
842 3764 916 3806 cum
932 3754 1036 3805 aetate
1056 3763 1170 3818 mores,
1191 3743 1339 3824 Joannes,
1363 3752 1397 3805 et
1411 3746 1502 3825 quasi
1517 3763 1649 3823 serpens

198 3867 315 3909 novam
337 3847 465 3909 induisti
481 3846 605 3926 pellem.
629 3846 738 3927 Quum
754 3850 837 3908 enim
861 3848 981 3909 soleres
1003 3847 1184 3929 frequentes
1199 3860 1294 3910 antea
1316 3848 1357 3909 ad
1373 3867 1426 3909 me
1444 3847 1549 3909 literas
1563 3846 1649 3921 dare,

198 3962 229 4013 et
251 3954 277 4014 si
299 3951 377 4033 quid
400 3962 580 4013 memoratu
604 3951 736 4033 dignum
759 3953 904 4026 eveniret,
929 3951 1166 4033 diligentissime
1189 3953 1391 4030 perscribere,
1415 3972 1499 4014 nunc
1519 3970 1649 4031 prorsus

199 4057 385 4118 obmutuisti
407 4067 438 4118 et
461 4077 503 4117 ex
526 4057 596 4135 pica
619 4075 695 4117 rana
718 4054 872 4135 Seryphia
895 4056 996 4117 factus
1019 4075 1061 4116 es.
1085 4056 1120 4117 ld
1144 4076 1200 4118 cur
1223 4059 1264 4117 ita
1280 4076 1351 4118 esse
1367 4058 1508 4130 arbitror,
1531 4058 1648 4136 accipe.

198 4157 359 4220 Dederam
381 4160 437 4221 tibi
461 4178 562 4238 nuper
585 4158 706 4241 Pragae
729 4159 888 4238 quaedam
912 4160 1064 4221 mandata
1087 4160 1128 4221 ad
1152 4159 1194 4220 M.
1211 4159 1411 4237 Procopium,
1434 4159 1491 4221 sed
1507 4158 1583 4240 quid
1599 4159 1650 4219 ille

198 4261 406 4343 responderit,
437 4281 634 4344 cognoscere
664 4281 730 4324 non
761 4265 866 4341 potui;
897 4262 1029 4325 forsitan
1060 4266 1154 4325 etiam
1184 4263 1436 4338 somniculosius,
1468 4284 1565 4345 quam
1593 4283 1650 4342 par

198 4380 273 4441 erat,
296 4386 414 4428 munus
437 4367 477 4427 ab
501 4369 605 4428 amico
629 4368 807 4428 iniunctum
830 4379 988 4430 executus
1011 4387 1052 4442 eS,
1077 4379 1111 4429 ut
1135 4370 1197 4428 iam
1221 4367 1355 4447 duplicis
1378 4367 1501 4446 culpae,
1524 4367 1587 4428 hoc
1603 4379 1651 4429 est

198 4482 229 4532 et
251 4471 363 4533 silentii
389 4483 421 4533 et
444 4471 661 4553 negligentiae
692 4491 764 4533 reus
793 4473 843 4532 sis.
882 4470 1103 4551 Quamobrem
1133 4471 1208 4543 redi,
1238 4474 1263 4532 si
1294 4473 1386 4551 sapiS,
1417 4471 1459 4533 ad
1487 4472 1649 4550 pristinam

198 4556 286 4637 tuam
310 4575 587 4649 consuetudinem,
611 4586 664 4636 aut
687 4596 706 4635 a
730 4594 782 4635 me
805 4578 970 4655 quippiam
994 4575 1152 4638 eiusmodi
1175 4586 1321 4653 expecta,
1344 4576 1433 4656 quod
1458 4587 1489 4637 te
1508 4588 1542 4638 ut
1559 4575 1650 4636 letar-

197 4698 274 4761 gum
306 4680 481 4759 patientem
511 4678 652 4740 excitare
685 4682 794 4758 possit.
829 4679 973 4742 Locutus
1003 4691 1052 4742 est
1080 4681 1155 4741 item
1187 4679 1349 4759 quaedam
1379 4679 1483 4741 Lucas
1518 4681 1650 4740 nomine

198 4802 286 4843 meos
318 4802 357 4844 ea
378 4794 415 4844 ut
437 4784 493 4844 tibi
516 4801 612 4844 curae
634 4784 703 4858 sint,
736 4802 861 4862 precor;
893 4784 988 4845 iacies
1010 4786 1096 4845 enim
1119 4796 1150 4845 et
1175 4803 1241 4844 rem
1273 4796 1396 4865 gratam
1420 4784 1496 4844 mihi
1519 4795 1550 4845 et
1574 4785 1651 4844 ami-

197 4889 268 4949 citia
284 4899 393 4949 nostra
409 4887 548 4968 dignam,
565 4888 598 4961 si,
616 4886 704 4967 quod
721 4907 781 4969 ego
798 4897 965 4966 tantopere
985 4890 1088 4967 cupio,
1105 4889 1163 4949 abs
1179 4900 1211 4949 te
1227 4890 1385 4965 impetrari
1402 4889 1536 4966 patieris.
1560 4887 1652 4949 Vale.

283 5092 357 5144 ΚΜ.
371 5090 535 5159 Prokopovi,
553 5091 676 5144 kancleii
692 5091 953 5153 Staromestskemu
966 5091 1077 5143 obracel
1096 5108 1126 5143 se
1142 5092 1283 5144 Bohuslav
1300 5090 1337 5157 jii
1356 5090 1447 5143 listem
1466 5090 1524 5144 169.
1542 5091 1652 5160 Tria-li

196 5197 226 5232 se
246 5179 292 5233 list
310 5179 361 5232 nai
379 5177 462 5232 tehot
482 5179 607 5247 Prokopa
625 5177 652 5231 ei
671 5177 807 5245 nejakeho
823 5178 928 5245 untho,
947 5177 1065 5230 nevime.
1093 5178 1143 5246 Jen
1163 5177 1230 5230 tolik
1254 5176 1308 5244 jest
1330 5176 1404 5244 jisto‚
1424 5176 1456 5230 ie
1476 5178 1564 5231 naleii
1584 5178 1650 5246 pled

197 5284 219 5320 r.
239 5266 314 5329 1506,
334 5267 448 5320 ktereho
468 5266 561 5319 Lukas
580 5267 691 5319 zemlel.
