3696 5836
877 377 970 443 1509.
1603 373 1654 431 195

194 611 262 664 tarn
285 599 434 684 singulari
453 597 558 681 aliqua
574 598 739 680 voluptate
761 595 805 672 fit,
827 616 925 678 quarn
941 614 1118 671 meorum,
1141 614 1224 675 quae
1246 595 1278 656 in
1300 592 1518 656 adolescentia
1533 610 1653 675 magno

195 707 308 770 labore
323 703 428 780 didici,
444 725 575 787 prorsus
591 702 766 768 obliviscar.
788 699 878 764 Vale.
899 698 951 762 Ex
969 700 1191 779 Hassensteyn
1206 699 1257 764 28.
1272 699 1434 762 Februarii
1456 718 1542 760 anno
1561 697 1653 762 1500.

284 894 347 949 List
370 901 457 957 tento,
481 893 537 946 nad
559 892 617 961 jine
642 889 755 959 vielijalr
779 888 916 958 zajlmavy
941 905 958 942 a
981 887 1113 957 duieiitr,
1138 889 1183 941 ml
1209 905 1226 941 η
1245 887 1339 942 Mitiea
1363 886 1517 957 nesprlvne
1540 886 1651 940 datum:

195 981 240 1036 20
252 982 348 1045 rinora,
361 998 415 1035 ana
432 980 609 1034 lrorunovaee
628 978 739 1032 malcho
758 977 893 1040 Ludvika,
906 977 983 1030 kteri
1001 993 1018 1028 v
1031 975 1095 1029 listu
1114 976 1168 1028 stre
1187 976 1319 1044 vypsdna,
1335 974 1419 1028 uddla
1436 991 1467 1027 se
1488 975 1528 1028 ll.
1540 974 1651 1027 brezna.

197 1068 273 1122 Kraili
291 1067 480 1121 Vladislavovi
499 1066 565 1135 bylo
583 1066 693 1119 tenkrdt
714 1072 793 1133 teprv
811 1063 909 1117 541et.
940 1050 1017 1116 (lelio
1040 1063 1094 1115 mel
1113 1062 1254 1114 Bolruslav
1279 1063 1423 1115 zndvodu
1441 1062 1652 1115 Adelrnannova

197 1173 236 1208 na
248 1153 466 1209 Pirkheimerovi
480 1153 580 1215 ladati,
600 1152 725 1215 nevlme;
744 1151 787 1205 ale
805 1150 949 1220 ponevadi
965 1149 1001 1216 jej
1021 1151 1129 1218 nazy'vai
1147 1149 1291 1202 clovekem
1305 1149 1372 1202 sobe
1385 1149 1463 1202 zcela
1476 1149 1651 1216 nezndmy‘m,

197 1242 313 1295 nemohl
332 1241 392 1294 miti
411 1240 456 1294 list
474 1239 509 1292 90
526 1237 619 1308 sblrky
638 1238 699 1291 nali
717 1238 744 1306 (k
763 1237 912 1304 Celtesovi)
930 1237 1057 1289 ladneho
1075 1236 1187 1290 tilinlru.

896 1535 967 1599 107.

488 1693 707 1767 Bohuslav
729 1692 839 1787 Janu
868 1668 1082 1766 blechtovi
1110 1714 1159 1764 ze
1187 1690 1367 1765 vsehrd.

287 1880 308 1936 Ζ
329 1879 484 1937 ”sollicita
504 1881 598 1948 (1509)
616 1911 650 1919 -
670 1881 705 1936 lb.
724 1879 792 1936 zdil.
819 1880 886 1933 Tisi
910 1898 940 1933 se
965 1880 1151 1933 obdrlenemu
1177 1879 1250 1941 listu,
1274 1896 1310 1947 po
1334 1879 1448 1947 dtylech
1474 1878 1565 1931 letech
1591 1880 1656 1946 opet

200 1967 342 2048 jednomu,
360 1965 369 2019 i
387 1966 583 2021 obnovenemu
607 1966 685 2020 talrto
706 1966 898 2034 veljemnemu
924 1967 1074 2035 platelstvi.
1103 1966 1265 2018 Piiclrazenl
1285 1952 1436 2018 Sicchtovo
1460 1983 1498 2018 na
1521 1967 1620 2033 enemy
1640 1983 1657 2017 a

203 2055 374 2108 ridaetenstvl
388 2070 421 2107 ve
434 2054 531 2122 sprave
550 2054 636 2107 stdtnl
655 2054 706 2107 zdt
724 2071 754 2107 se
774 2071 821 2107 rnu
840 2056 976 2122 mamym,
988 2053 1131 2122 ponevadi
1150 2054 1272 2122 naprava
1288 2054 1338 2120 pry'
1355 2051 1410 2120 jest
1425 2051 1571 2104 nemolna.
1590 2052 1657 2104 Test

204 2159 234 2194 se
252 2139 335 2194 brzlre
351 2139 417 2208 jeho
436 2141 579 2194 ntvsteve.
597 2141 677 2209 (Luc.
698 2140 768 2208 142.)

287 2316 403 2398 Joanni
426 2335 486 2378 suo
509 2314 673 2379 Sslechtae
697 2317 738 2379 de
762 2316 919 2380 Wssehrd
942 2336 967 2378 s.
984 2337 1013 2397 p.
1030 2314 1060 2377 d.
1094 2314 1340 2377 Delectaverunt
1362 2333 1414 2375 me
1437 2315 1545 2376 literae
1567 2325 1657 2389 tuae3

208 2422 344 2483 intellexi
361 2422 447 2483 enirn
469 2439 513 2482 ex
528 2420 576 2482 his
599 2421 673 2483 nihil
696 2433 728 2483 te
751 2441 793 2483 ex
810 2423 906 2483 veteri
930 2423 961 2481 in
985 2440 1037 2480 me
1060 2420 1168 2481 animo
1191 2440 1229 2481 ae
1251 2419 1474 2481 benevolentia
1489 2421 1655 2481 remisisse.

209 2525 242 2587 ld
263 2525 343 2588 mihi
365 2526 505 2607 perinde,
528 2537 564 2588 ut
586 2526 693 2599 debet,
716 2536 842 2608 gratum
866 2536 922 2586 est.
946 2524 1045 2585 Visus
1068 2542 1102 2584 es
1126 2526 1211 2584 enirn
1235 2522 1310 2583 mihi
1334 2534 1474 2601 quatuor
1496 2522 1543 2584 his
1567 2525 1657 2583 annis

208 2631 248 2691 ita
263 2649 392 2692 mecum
414 2649 515 2712 agere,
532 2633 622 2710 quasi
645 2632 779 2692 omnino
802 2639 992 2692 consuetam
1015 2628 1246 2689 humanitatem
1268 2629 1420 2702 exuisses,
1436 2638 1468 2689 et
1486 2628 1657 2689 amicitiam

208 2744 349 2796 nostram
364 2755 383 2795 a
399 2753 451 2795 me
467 2737 577 2814 utique
599 2736 720 2796 sincere
743 2735 862 2795 cultam
885 2735 993 2794 nescio
1017 2731 1185 2813 quomodo
1208 2731 1414 2794 dissimulare.
1439 2729 1531 2810 Quae
1546 2750 1656 2811 quarn-

207 2855 303 2916 quam
319 2837 395 2898 mihi
410 2837 546 2900 molesta
569 2848 684 2913 essent,
701 2839 808 2899 omnia
831 2847 939 2898 tamen
962 2837 993 2896 in
1015 2834 1164 2897 dextram
1186 2845 1310 2914 partem
1333 2836 1546 2915 accipiebam,
1570 2836 1655 2898 malo

207 2942 290 3003 enim
312 2940 362 3001 vel
386 2940 447 3003 falli
470 2941 512 3002 ab
535 2943 643 3003 amicis
674 2960 773 3022 quam
803 2942 976 3021 quicquam
999 2941 1113 3001 sinistri
1143 2937 1184 2999 de
1207 2938 1256 3000 his
1282 2939 1443 3018 suspicari,
1466 2951 1580 3017 utpote
1602 2943 1657 3021 qui

205 3044 248 3105 ab
270 3044 488 3107 adolescentia
510 3046 612 3127 magis
635 3045 842 3125 simplicitatis
872 3045 1005 3125 gloriam
1035 3063 1132 3124 quarn
1163 3043 1295 3104 aliarum
1322 3063 1427 3105 rerum
1451 3044 1525 3105 mihi
1550 3045 1658 3106 vendi-

204 3150 282 3210 cari.
316 3144 487 3211 Caeterum
508 3150 604 3211 literis
626 3152 688 3212 tuis
711 3151 830 3211 factum
853 3160 910 3223 est,
933 3167 999 3208 non
1028 3147 1134 3209 solum
1157 3158 1192 3209 ut
1215 3167 1267 3208 me
1290 3150 1421 3210 instituti
1444 3151 1506 3209 mei
1530 3151 1659 3209 minime
1693 3208 1695 3212 ,

204 3254 377 3332 poeniteat,
392 3252 451 3319 sed
470 3257 565 3315 etiam
581 3263 616 3316 ut
632 3253 779 3316 cumulus
803 3252 934 3332 quidam
958 3263 1071 3313 nostro
1095 3263 1208 3314 mutuo
1227 3253 1330 3312 amori
1349 3251 1492 3313 adiectus
1507 3252 1659 3314 rideatur.

203 3353 318 3439 Cuius¹
337 3357 389 3430 rei,
412 3356 673 3436 quandocunque
695 3356 839 3429 volueris,
864 3356 1039 3433 periculum
1069 3355 1172 3415 facere
1202 3357 1330 3435 poteris
1369 3355 1494 3420 Senties
1521 3359 1605 3417 enim
1628 3369 1659 3417 te

201 3461 366 3540 privatum
387 3478 453 3522 non
476 3463 581 3522 minus
603 3481 622 3522 a
646 3480 697 3521 me
720 3463 820 3522 amari
844 3479 942 3540 quarn
965 3479 1076 3539 nuper,
1094 3459 1171 3520 dum
1195 3462 1225 3521 in
1249 3459 1410 3539 republica
1426 3471 1535 3522 nostra
1551 3472 1661 3522 aucto-

201 3565 298 3626 ritate
314 3561 453 3639 floreres
469 3576 595 3625 amatus
611 3584 653 3626 es.
678 3564 794 3645 Neque
817 3567 900 3625 enim
924 3564 1084 3626 fortunam
1105 3574 1194 3625 tuam
1209 3583 1353 3643 unquam
1368 3564 1426 3625 sed
1442 3577 1473 3625 te
1490 3584 1660 3644 moresque

204 3678 291 3741 tuoS,
315 3666 412 3729 fidem
435 3680 532 3748 atque
554 3670 769 3752 integritatem
798 3679 927 3730 secutus
957 3688 1037 3743 sum,
1060 3680 1091 3729 et
1113 3668 1235 3729 homini
1263 3667 1304 3728 de
1327 3687 1379 3728 rne
1402 3671 1524 3747 optime
1547 3671 1660 3730 merito

204 3790 274 3833 non
302 3771 421 3833 habere
450 3775 585 3856 gratiam
615 3774 703 3834 nefas
732 3774 848 3851 putavi.
882 3771 992 3834 Audio
1023 3783 1130 3833 tamen
1162 3784 1193 3834 tc
1223 3790 1287 3832 non
1318 3792 1448 3852 prorsus
1471 3792 1580 3834 curam
1603 3775 1661 3834 rei-

206 3876 356 3954 publicae
385 3877 546 3951 abiecisse,
569 3877 627 3938 sed
650 3881 803 3939 ventitare
827 3877 972 3959 Pragam,
996 3879 1074 3938 inter
1101 3874 1310 3954 provinciales
1334 3879 1457 3937 versari.
1493 3877 1607 3957 Neque
1629 3878 1661 3938 id

210 3981 371 4060 impr0b0‚
394 3982 419 4042 si
441 3980 583 4043 studium
605 3991 696 4043 tuum
720 3993 817 4061 atque
839 3981 930 4042 labor
954 4000 1020 4042 non
1042 3982 1145 4042 irritus
1168 3991 1224 4041 est.
1259 3977 1428 4043 Caeterum
1452 4002 1663 4062 quaecunque

211 4094 379 4159 tentamus,
402 4103 508 4167 nugae
530 4084 721 4164 fabulaeque
751 4084 828 4145 mihi
850 4084 1002 4146 videntur.
1039 4083 1125 4145 Nam
1148 4096 1179 4147 et
1202 4085 1324 4165 legibus
1354 4089 1471 4148 nostris
1497 4087 1664 4148 manifeste

211 4187 299 4250 illudi
314 4189 460 4267 patimur,
477 4199 509 4249 et
523 4190 555 4250 in
571 4187 774 4250 decernendo
791 4188 874 4249 adeo
895 4188 980 4249 leves
999 4208 1119 4264 sumus
1136 4200 1170 4250 ut
1186 4208 1238 4250 me
1257 4189 1417 4250 interdum
1433 4192 1664 4252 inconstantiae

211 4304 339 4355 nostrae
361 4291 489 4372 pudeat.
512 4291 702 4373 Acciditque
725 4293 802 4354 mihi
824 4311 1069 4371 saepenumero,
1089 4292 1178 4372 quod
1201 4293 1311 4373 Appio
1335 4294 1376 4356 illi
1398 4293 1514 4368 Caeco,
1531 4307 1573 4368 ut,
1590 4314 1663 4355 cum

213 4396 287 4458 nihil
310 4394 427 4459 horum
450 4395 585 4471 videam,
599 4396 710 4458 audire
732 4410 840 4459 tamen
864 4417 910 4470 ca,
927 4417 1009 4478 quae
1032 4410 1180 4478 aguntur,
1197 4399 1349 4459 acerbum
1371 4401 1417 4459 sit.
1442 4397 1663 4478 Quamobrem

213 4499 401 4578 prudentius
430 4499 573 4563 fortassis
603 4501 728 4575 iaceres,
752 4520 826 4562 cum
857 4502 1036 4578 respublica
1059 4513 1168 4563 nostra
1199 4501 1402 4581 depravatior
1423 4505 1665 4583 corruptiorque

214 4604 261 4677 sit,
276 4621 376 4684 quam
391 4615 426 4665 ut
442 4604 555 4685 corrigi
571 4606 680 4685 possit,
696 4607 722 4665 si
738 4605 851 4684 procul
874 4606 915 4665 ab
939 4624 977 4667 ca
999 4607 1097 4667 vitam
1120 4625 1231 4688 ageres
1254 4618 1286 4666 et
1309 4606 1405 4668 literis
1428 4609 1666 4687 sapientiaeque

215 4725 350 4768 vacares
373 4705 439 4770 Sed
462 4707 540 4769 haec
563 4711 631 4787 ipse
653 4707 774 4769 videris.
812 4706 910 4787 Quod
934 4709 1044 4770 scribis
1066 4720 1098 4770 te
1121 4709 1309 4790 propediem
1332 4710 1419 4790 apud
1443 4730 1495 4771 me
1518 4712 1666 4784 futurum,

214 4811 351 4892 gaudeo,
366 4810 583 4893 gaudeboque
606 4816 715 4894 magis,
733 4814 786 4874 ubi
803 4832 849 4887 ea,
865 4832 949 4893 quae
971 4812 1129 4893 pollicitus
1152 4833 1194 4890 cs,
1215 4817 1414 4894 praestiteris.
1438 4816 1560 4877 Iuvabit
1583 4818 1667 4876 enim

215 4926 289 4995 post
311 4924 361 4976 tot
383 4924 533 4994 tempora
555 4936 621 4977 non
644 4918 748 4978 solum
771 4917 936 4978 doctrinae
958 4928 1033 4979 tuae
1059 4919 1116 4980 sed
1140 4921 1237 4981 etiam
1260 4923 1421 4982 suavitatis
1443 4931 1541 4998 atque
1564 4921 1668 4981 faceti-

215 5038 306 5081 arum
329 5038 438 5082 rursus
460 5022 646 5101 participem
669 5040 747 5082 esse.
774 5020 863 5082 Vale.
887 5020 939 5081 Ex
963 5020 1186 5101 Hassensteyn
1212 5022 1260 5087 15.
1283 5022 1490 5103 Septembris,

304 5191 417 5259 Sicchta
441 5207 533 5276 nekdy
552 5208 587 5260 ku
606 5206 687 5259 lronci
709 5224 730 5260 r.
751 5206 818 5259 1501
835 5207 908 5260 nebo
933 5225 969 5260 na
993 5208 1112 5275 poldtlru
1132 5208 1202 5289 ¹505.
1218 5210 1296 5262 vzdal
1321 5227 1351 5262 se
1376 5210 1552 5262 sekretitistvi
1572 5227 1589 5260 v
1609 5211 1666 5262 kni-

218 5293 312 5345 lovslre
339 5293 476 5346 kancelati
496 5297 598 5362 (srovn.
617 5294 663 5346 list
682 5294 748 5361 101),
768 5294 776 5347 i
795 5295 898 5363 uchilil
922 5312 952 5348 se
977 5313 994 5346 v
1013 5295 1163 5348 soukromi.
1189 5296 1311 5349 Tenlrrdt
1337 5297 1456 5365 plestalo
1481 5297 1552 5350 mezi
1575 5298 1632 5350 nim
1651 5315 1668 5350 a

1463 5419 1511 5471 13*
