3660 5850
776 365 868 428 1494.
1512 368 1547 423 61

96 580 216 646 reduci.
237 580 399 662 Quoniam
415 592 524 644 autem
541 582 602 643 hoc
618 593 746 661 tempus
770 585 902 656 brevius,
933 602 1031 663 quam
1048 595 1081 645 ut
1105 585 1220 657 omnia,
1233 603 1316 663 quae
1339 596 1373 645 tu
1396 583 1549 663 postulas,

98 690 149 763 ita,
172 698 207 749 ut
224 707 275 749 res
291 687 440 766 postulat,
463 687 633 766 complecti
648 687 820 749 scribendo
836 687 965 766 possim,
989 688 1098 767 paucis
1114 697 1222 749 tecum
1240 707 1334 769 agam
1357 687 1549 750 remittendo

96 802 130 853 te
153 792 261 870 potius
283 790 325 852 ad
348 810 415 865 eos,
439 793 494 870 qui
511 791 566 853 tibi
586 791 768 853 satisfacere
790 802 950 870 poterunt,
974 810 1071 870 quam
1095 793 1268 872 quicquam
1292 811 1334 853 ex
1357 794 1460 872 capite
1477 811 1549 870 pro-

98 898 168 973 prio
189 894 393 957 affirmando.
432 892 497 956 Cur
519 897 705 956 communio
736 896 797 957 sub
821 905 955 976 utraque
978 897 1084 973 specie
1115 896 1153 957 sit
1177 894 1263 956 laicis
1285 895 1458 968 interdicta,
1481 906 1550 956 tum

98 1001 188 1061 multi
210 1000 260 1061 alii
283 999 487 1073 tradiderunt,
511 1009 580 1060 tum
602 999 792 1061 Dominicus
815 997 981 1060 cardinalis
1000 998 1042 1059 de
1061 997 1164 1059 Turre
1187 996 1334 1060 Cremata
1358 1012 1389 1061 et
1409 999 1551 1082 Joannes

98 1101 232 1176 Gerson,
267 1105 321 1184 qui
351 1104 495 1182 plurimis
523 1106 718 1185 argumentis
748 1122 814 1164 non
844 1102 950 1164 solum
974 1103 1121 1180 probant,
1149 1102 1206 1174 sed
1239 1105 1332 1163 ctiam
1364 1106 1551 1181 pervincunt
1631 1179 1635 1186 .

97 1208 160 1269 hoc
186 1208 339 1269 ecclesiae
372 1217 579 1287 praeceptum
610 1216 641 1267 et
673 1207 749 1268 utile
772 1219 804 1268 et
827 1207 966 1268 salutare
989 1205 1113 1284 populo
1139 1224 1219 1267 esse.
1259 1205 1398 1268 Hilarius
1420 1226 1552 1287 quoque

98 1312 241 1373 decanus
256 1312 423 1393 Pragensis
439 1310 593 1373 ecclesiae
609 1313 641 1371 in
653 1310 713 1372 hac
730 1313 861 1372 materia
876 1329 942 1371 non
955 1311 1228 1372 contemnendum
1246 1313 1369 1390 scripsit
1392 1313 1551 1387 volumen,

97 1415 186 1494 quod
210 1417 237 1477 si
259 1417 374 1477 crebro
397 1407 594 1489 lectitaveris,
617 1433 683 1475 non
707 1435 841 1493 parvum
865 1415 939 1476 inde
962 1415 1098 1476 fructum
1122 1416 1335 1496 consequeris.
1373 1411 1551 1477 Concilium

98 1518 276 1591 Basiliense,
311 1523 401 1581 cuius
433 1521 617 1581 testimonio
649 1523 752 1593 uteris,
785 1519 860 1580 nihil
882 1518 924 1580 ad
949 1537 1015 1580 rem
1046 1519 1128 1593 facit,
1163 1521 1316 1598 quoniam
1345 1522 1454 1581 omnia
1484 1522 1552 1581 eius

95 1624 219 1684 concilii
235 1634 307 1684 acta
322 1623 458 1685 durante
474 1624 589 1685 scilicet
603 1622 774 1684 schismate
789 1643 846 1702 per
861 1622 1040 1704 Eugenium
1059 1623 1244 1701 pontificem
1268 1627 1444 1686 maximum
1461 1643 1551 1686 revo-

97 1739 168 1788 cata
184 1739 266 1790 sunt.
280 1725 345 1789 Cur
356 1730 451 1788 etiam
465 1727 649 1790 sacerdotes
661 1738 692 1788 et
708 1727 811 1789 clerici
827 1730 858 1787 in
870 1729 967 1788 sacris
979 1729 1142 1789 constituti
1154 1728 1195 1788 ab
1208 1729 1362 1790 uxoribus
1378 1740 1551 1802 arceantur,

97 1832 204 1893 multis
227 1831 407 1894 ostenditur
436 1832 620 1904 rationibus,
644 1850 725 1911 quas
747 1831 911 1893 adducunt
941 1831 1092 1893 doctores
1115 1832 1154 1895 31
1179 1830 1207 1893 u
1230 1831 1272 1895 32
1295 1831 1497 1895 distinctione
1520 1835 1550 1893 in

97 1935 242 1998 Decretis
264 1955 321 2014 per
348 1946 461 1997 totum.
501 1934 603 1996 Multa
626 1937 720 1996 etiam
745 1933 931 1996 Alexander
960 1935 1002 1996 de
1026 1935 1135 2010 Hales,
1157 1935 1257 1997 multa
1280 1934 1318 1997 D.
1341 1935 1487 1998 Thomas
1511 1936 1552 1997 de

97 2040 158 2102 hac
188 2042 319 2102 materia
349 2040 498 2114 scribunt,
528 2059 612 2120 quae
634 2039 697 2100 hoc
722 2049 869 2118 tempore
899 2058 1154 2101 commemorare
1182 2059 1248 2101 non
1275 2051 1323 2102 est
1343 2041 1419 2102 mihi
1441 2043 1551 2103 otium.

98 2144 187 2205 ldern
211 2164 342 2225 quoque
357 2142 485 2206 Gerson
500 2143 541 2205 de
557 2143 717 2205 coelibatu
732 2143 1020 2206 ecclesiasticorum
1044 2145 1206 2226 egregium
1223 2145 1336 2206 librum
1361 2147 1551 2223 composuit.

96 2245 179 2311 Sunt
208 2248 453 2310 innumerabiles
476 2249 534 2322 alii,
558 2267 641 2328 quos
665 2259 780 2328 sponte
809 2260 985 2326 praetereo,
1008 2249 1161 2329 quoniam
1189 2268 1254 2322 eos,
1278 2267 1361 2329 quos
1383 2250 1551 2323 nominavi,

96 2354 230 2414 arbitror
246 2353 425 2416 satisfacere
441 2372 548 2434 posse.
573 2353 665 2433 Quae
688 2352 730 2414 de
746 2351 885 2426 Graecis,
910 2351 1003 2426 Indis,
1019 2350 1231 2432 Armenisque
1255 2352 1359 2427 refers,
1381 2353 1458 2415 nihil
1480 2372 1552 2432 pro-

97 2457 185 2530 bant,
209 2460 282 2536 quia
298 2457 369 2519 illae
384 2459 531 2520 nationes
553 2459 584 2518 in
607 2456 677 2519 aliis
699 2475 830 2537 quoque
853 2457 894 2517 ab
918 2456 1050 2518 ecclesia
1073 2455 1228 2518 catholica
1251 2456 1454 2532 dissentiunt,
1478 2475 1553 2518 nam

96 2569 129 2621 et
151 2562 258 2643 ignem
282 2562 501 2643 purgatorium
525 2573 643 2643 negant
666 2571 697 2623 et
719 2557 873 2638 Spiritum
899 2571 1045 2622 sanctum
1075 2580 1140 2622 non
1171 2580 1189 2621 a
1217 2559 1297 2622 Filio
1327 2561 1384 2623 sed
1414 2583 1433 2622 a
1460 2561 1553 2622 Patre

96 2664 168 2725 solo
191 2665 366 2743 procedere
388 2677 579 2740 asseverant,
602 2676 634 2727 et
656 2663 717 2727 alia
739 2663 899 2744 pleraque,
922 2683 1005 2744 quae
1025 2667 1133 2726 omnia
1156 2665 1248 2726 divus
1270 2663 1416 2726 Thomas
1438 2666 1552 2747 insigni

96 2769 259 2829 volumine
288 2769 470 2843 confutavit,
496 2768 586 2850 quod
612 2767 743 2830 Urbano
765 2768 906 2849 pontifici
921 2769 1065 2831 maximo
1088 2768 1222 2830 dedicat.
1245 2768 1335 2830 Dum
1351 2787 1552 2850 peragrarem

97 2883 172 2933 ante
188 2873 250 2933 hoc
273 2875 440 2934 tn'ennium
463 2872 658 2955 Aegyptum,
687 2873 749 2934 vidi
771 2871 938 2953 quosdam,
962 2875 1016 2953 qui
1039 2893 1074 2934 se
1094 2872 1256 2954 Jacobitas
1281 2872 1497 2952 appellabant:
1521 2874 1552 2935 hi

96 2975 177 3038 ultra
206 2978 286 3039 alios
316 2976 514 3040 Graecorum
539 2997 661 3040 errores
685 2997 719 3040 se
738 2977 977 3040 circumcidunt.
1000 2976 1102 3039 Multa
1117 2977 1179 3039 dici
1202 2989 1342 3056 possent,
1366 2976 1424 3039 sed
1446 2995 1552 3058 neque

98 3081 175 3142 mihi
198 3084 299 3143 otium
322 3095 379 3157 est,
403 3101 508 3162 neque
531 3082 668 3143 brevitas
699 3083 854 3161 temporis
877 3080 940 3143 late
970 3082 1075 3164 vagari
1099 3082 1224 3160 patitur.
1261 3080 1482 3161 Quamobrem
1506 3081 1553 3142 his

97 3188 129 3245 in
151 3187 331 3264 praesentia
354 3196 524 3248 contentus
547 3198 626 3247 esto.
649 3184 775 3265 Quodsi
791 3184 963 3265 aliquando
983 3184 1025 3246 ad
1048 3205 1100 3246 me
1116 3187 1222 3246 venire
1238 3185 1334 3258 voles,
1358 3197 1389 3246 et
1405 3185 1553 3246 malueris

96 3308 163 3350 non
186 3307 268 3362 mea,
291 3292 344 3369 qui
368 3288 443 3350 nihil
467 3308 547 3363 sum,
577 3288 634 3350 sed
657 3288 870 3351 ecclesiastica
893 3288 1071 3351 verecunde
1101 3287 1222 3349 discere
1253 3308 1350 3367 quam
1374 3301 1427 3350 tua
1451 3290 1552 3368 impu-

96 3392 211 3454 denter
233 3394 386 3474 ingerere:
412 3394 542 3455 forsitan
566 3412 632 3454 non
655 3391 738 3454 male
766 3394 821 3453 tibi
844 3392 1000 3453 consules.
1024 3393 1114 3453 Vale.

185 3648 247 3703 List
265 3656 343 3702 tento
367 3667 401 3702 ve
427 3649 529 3718 vydftni
548 3649 677 3702 Mitisove
698 3648 754 3716 jest
777 3649 946 3702 adressovan
977 3649 1139 3702 Bemhardu
1163 3647 1376 3712 Adelrnannovi,
1395 3649 1553 3702 kanovniku

95 3737 206 3790 tenkrat
224 3737 475 3800 Eichstiittskemm
490 3737 497 3789 i
511 3736 654 3805 zpdsobila
673 3737 766 3805 mylnf
784 3743 843 3789 tato
862 3736 976 3789 adressa
988 3754 1005 3787 v
1018 3735 1178 3789 literamich
1197 3753 1214 3788 a
1227 3736 1386 3789 cirkevnich
1406 3736 1551 3790 historiich

96 3825 202 3877 mnoho
220 3823 340 3877 zmatlrfr.
358 3824 607 3892 Korrespondence
626 3824 830 3886 Bohuslavova,
851 3824 947 3876 lrterou
966 3831 1027 3875 tuto
1041 3823 1204 3892 vydavftme,
1223 3822 1356 3890 obsahuje
1375 3824 1455 3892 velky'
1471 3826 1553 3891 podet

96 3911 162 3963 listri
182 3910 198 3962 Ι(
216 3910 407 3963 Bemhardovi
426 3928 442 3963 a
461 3910 523 3963 take
547 3910 657 3964 nekolilr
682 3909 746 3963 lists
763 3909 829 3978 jeho
849 3909 1074 3963 erohuslavovi.
1102 3911 1205 3963 Krome
1224 3910 1252 3962 nl
1271 3910 1388 3962 nachdzi
1401 3927 1431 3963 se
1444 3911 1552 3978 znadny'

96 3999 181 4066 podet
205 3997 304 4067 dopisll
328 3999 565 4066 Bemhardovy'ch
592 4016 608 4049 v
625 3997 721 4065 jinych
747 3997 871 4051 listal‘ich
895 3998 986 4051 zteto
1011 3996 1085 4065 doby
1109 3999 1155 4063 (na
1179 4000 1218 4065 pf.
1242 3996 1490 4064 Pirlrheimerovel:
1509 3998 1552 4050 ale

96 4103 114 4135 v
134 4084 250 4137 iadnfm
277 4086 432 4153 zfetnych
457 4084 521 4137 listil
544 4086 609 4138 tech
633 4086 711 4138 krom
737 4086 836 4138 tohoto
858 4084 990 4150 jedineho
1015 4085 1081 4137 neni
1104 4084 1151 4137 ani
1176 4084 1242 4137 sebe
1266 4083 1351 4136 slabSl
1379 4084 1498 4152 narhilry
1518 4101 1554 4136 na

96 4172 244 4225 zviklanou
263 4173 372 4226 tenluftt
389 4175 588 4241 pravovernost
607 4173 814 4234 Bemhardovu‚
834 4172 911 4225 ktera
929 4171 965 4239 by
979 4174 1064 4224 nutne
1084 4172 1230 4240 vyplyvala
1247 4171 1340 4224 zlistu
1358 4172 1553 4224 Bohuslavova

96 4261 204 4322 tohoto,
223 4260 316 4328 kdyby
335 4260 449 4313 adressa
464 4259 530 4327 jeho
549 4259 614 4328 byla
637 4260 762 4327 sprrlvnf.
792 4258 844 4312 Nic
865 4260 993 4312 menliho
1012 4258 1160 4327 nevyvodil
1179 4275 1215 4311 na
1233 4261 1272 4326 pf.
1292 4258 1358 4310 Lier
1381 4259 1448 4324 (Der
1466 4258 1553 4325 Augs·

96 4346 245 4413 burgische
264 4346 526 4400 Humanistenkreis
545 4364 562 4397 v
575 4346 736 4400 Zeitschrift
754 4347 803 4399 des
822 4345 917 4398 histor.
938 4346 1054 4399 Vereins
1073 4346 1090 4398 f.
1109 4345 1264 4399 Schwaben
1284 4346 1333 4397 VII
1350 4344 1439 4411 (1880)
1459 4353 1506 4397 str.
1518 4346 1553 4397 86

96 4434 211 4500 amisi)
225 4464 256 4471 —
270 4450 286 4486 a
302 4433 353 4501 jini
373 4434 465 4486 mnozf
485 4434 550 4502 pled
570 4435 628 4486 nim
647 4434 694 4500 (na
712 4436 751 4501 pl‘.
771 4433 870 4499 Hagen
895 4433 1103 4487 Deutschlands
1127 4433 1196 4486 liter.
1216 4451 1241 4485 u.
1261 4432 1338 4500 relig.
1363 4432 1552 4485 Verha'ltnisse

98 4509 136 4572 im
163 4520 501 4582 Reformationszeitalter,
527 4521 666 4588 Erlangen
693 4519 759 4571 1841
784 4537 824 4572 sv.
850 4520 869 4581 I,
895 4518 956 4586 304)
981 4536 997 4571 a
1022 4537 1057 4588 po
1083 4522 1146 4572 nem
1170 4551 1196 4558 -
1218 4537 1233 4572 z
1254 4519 1319 4572 listu
1343 4520 1441 4572 tohoto
1463 4519 1553 4571 Bohu-

97 4609 219 4670 slavova,
238 4607 290 4660 nef
309 4607 340 4660 ie
359 4607 405 4675 byl
425 4608 563 4661 kanovnlk
582 4608 725 4661 Bernhard
745 4605 821 4674 tajny
846 4606 986 4673 husitarl).
1008 4608 1093 4676 Jalrys
1111 4607 1165 4659 stin
1186 4606 1382 4676 oprrlvnEnosti
1402 4607 1418 4659 k
1436 4606 1553 4658 dovozo·

97 4696 163 4747 vani
182 4706 259 4747 tomu
278 4695 431 4748 shledfvali
451 4699 547 4748 ovsem
567 4694 688 4747 literarni
707 4710 724 4746 a
743 4694 867 4746 cfrkevni
886 4693 1056 4746 historikove
1076 4712 1092 4745 v
1111 4695 1139 4747 te
1158 4693 1339 4754 skutefnosth
1359 4693 1390 4745 ie
1410 4711 1426 4743 v
1444 4693 1552 4746 dobach

97 4781 257 4850 pozdejdfch
276 4782 419 4835 Bernhard
438 4799 473 4849 po
492 4781 592 4849 nijaky
611 4782 660 4834 eas
673 4780 718 4849 byl
738 4781 888 4849 odpilrcem
908 4781 1067 4848 Eclrovym;
1086 4782 1172 4834 avsalr
1189 4789 1267 4834 tento
1287 4781 1387 4849 pozdni
1400 4797 1417 4832 a
1430 4780 1553 4847 kratidky'

96 4867 311 4935 antagonismus
333 4869 405 4937 proti
431 4867 586 4936 urputnosti
611 4868 724 4920 Eclrove
751 4867 877 4920 nikterak
900 4866 1083 4935 nevystafuje
1109 4885 1145 4920 na
1167 4868 1318 4936 podepleni
1342 4866 1417 4920 fakta
1435 4884 1455 4919 r.
1480 4865 1553 4928 1494,

96 4956 152 5024 kdy
172 4973 189 5008 o
207 4955 303 5022 nejake
329 4955 453 5024 opposici
481 4955 552 5024 proti
572 4954 657 5007 cirkvi
681 4953 872 5007 Bemhardovi
898 4953 993 5021 zajiste
1021 4954 1066 5006 ani
1089 4973 1119 5006 se
1138 4955 1263 5008 nezdtlo.
1294 4954 1412 5007 erratlra
1435 4954 1480 5006 list
1503 4953 1553 5004 nal

97 5043 167 5111 psrln
186 5043 311 5110 aposlttn
330 5042 376 5111 byl
395 5040 569 5095 Viktorinovi
588 5059 620 5094 ze
640 5041 756 5103 Vsehrd,
781 5041 987 5094 osveddenemu
1012 5041 1155 5104 kalisnilru,
1176 5042 1254 5109 kteryv
1276 5041 1359 5108 prave
1383 5040 1493 5094 tenlrrat
1510 5056 1555 5091 ne·

96 5129 255 5182 rozvainou
274 5128 435 5182 invelrtivou
454 5128 525 5197 proti
539 5128 689 5182 katollkhm
703 5129 777 5180 hnev
793 5128 971 5181 Bohuslavfiv
990 5127 1101 5193 zbudiv,
1115 5129 1163 5181 rad
1176 5128 1213 5196 by
1226 5127 1271 5198 byl
1284 5129 1381 5196 pfftele
1397 5131 1461 5196 opet
1474 5126 1555 5193 nejalr

96 5213 242 5282 ukonejsil.
261 5216 353 5278 Proto,
370 5213 417 5282 jak
429 5231 444 5267 z
457 5215 550 5268 listai‘e
570 5215 676 5267 naseho
688 5214 806 5284 vysvfta,
822 5215 882 5283 psal
902 5232 948 5268 mu
961 5232 982 5269 r.
1000 5215 1065 5268 1494
1083 5215 1193 5268 nekolilr
1212 5214 1284 5279 lists,
1298 5233 1314 5269 z
1327 5214 1409 5268 nichi
1428 5214 1554 5282 poslednl

96 5303 143 5356 tal<
162 5303 209 5372 byl
227 5303 340 5372 laslravv
358 5302 506 5371 (»benigne
525 5303 559 5355 ad
580 5319 623 5355 me
643 5302 757 5355 scribis«
777 5303 915 5371 odpovlda
933 5303 1094 5370 Bohuslav),
1113 5302 1145 5356 ie
1164 5303 1304 5356 Bohuslav
1324 5301 1388 5370 kojil
1402 5319 1432 5354 se
1451 5300 1555 5369 nadejo
