3696 5836
194 368 246 423 144
871 368 965 430 1504

194 599 252 641 nec
276 599 359 659 pene
382 599 457 658 spes
485 578 548 642 ulla
571 583 609 643 sit
632 584 700 644 eius
729 583 903 662 aliquando
933 584 1192 665 consequendae.
1221 585 1306 648 Dedi
1328 586 1371 674 ad
1394 587 1529 670 Regiam
1553 587 1652 650 Male

193 696 310 746 statem
341 704 380 746 ea
404 684 445 747 de
476 703 510 745 rc
533 685 646 761 literas,
674 686 748 748 dedi
772 700 804 749 et
833 689 875 750 ad
898 699 946 764 te;
976 688 1034 751 sed
1066 691 1141 769 quia
1163 702 1198 752 tu
1220 688 1333 752 Budae
1356 710 1422 753 non
1444 711 1525 767 eras,
1549 691 1652 773 Regia

193 787 344 850 Maiestas
367 807 498 868 quoque
521 790 595 850 nihil
619 809 750 869 prorsus
772 791 946 869 respondit.
971 792 1017 854 lta
1040 791 1083 867 fit,
1099 803 1135 854 ut
1150 795 1291 855 nesciam
1314 797 1457 870 omnino,
1476 795 1557 876 quid
1574 795 1652 857 mihi

193 892 390 971 sperandum
413 904 467 954 aut
491 893 671 955 timendum
693 895 740 956 sit.
764 893 998 974 Quamobrem,
1022 897 1064 957 mi
1087 893 1241 972 Sslechta,
1265 909 1297 959 te
1312 917 1435 977 precor,
1451 909 1495 973 ut,
1510 899 1538 959 si
1554 910 1652 960 antea

195 997 270 1058 mihi
292 1015 456 1076 nunquam
480 997 615 1072 defuisti,
639 1000 765 1077 quoties
788 999 901 1061 saltem
924 1020 1023 1079 opera
1043 1012 1096 1062 tua
1113 1000 1240 1082 indigui,
1263 1001 1326 1064 hoc
1348 1020 1480 1083 quoque
1502 1013 1653 1083 tempore

194 1103 325 1162 minime
347 1100 433 1162 dcsis
448 1100 639 1182 efficiasque,
663 1104 911 1184 quibuscunque
935 1103 1040 1166 modis
1056 1116 1159 1182 potes,
1175 1124 1216 1166 ne
1233 1117 1411 1168 memorata
1426 1107 1509 1185 stipe
1532 1108 1649 1185 priver.

194 1204 288 1267 Nosti
312 1206 433 1283 optime
457 1225 564 1267 mores
587 1207 706 1288 Regiae
731 1205 916 1282 Maiestatis
948 1210 1032 1269 nosti
1058 1208 1261 1271 conditiones
1285 1212 1381 1292 regni,
1412 1209 1570 1290 facileque
1593 1210 1652 1272 tibi

193 1321 250 1383 est,
274 1321 309 1371 ut
332 1328 393 1391 ego
416 1310 559 1384 arbitror,
582 1312 768 1393 excogitare
799 1311 926 1392 aliquid,
950 1331 1015 1392 quo
1040 1311 1116 1373 mihi
1139 1312 1283 1376 satisfieri
1307 1315 1425 1393 possit;
1456 1324 1654 1393 tantumque

192 1414 267 1475 milri
291 1415 389 1475 animi
412 1424 468 1488 est,
492 1426 536 1487 ut,
558 1415 614 1476 ubi
637 1416 737 1477 semel
759 1415 868 1476 literae
896 1434 988 1477 meae
1010 1415 1053 1478 ad
1077 1428 1108 1478 te
1137 1419 1350 1495 pervenerintJ
1371 1437 1436 1480 rem
1466 1418 1552 1479 hanc
1574 1437 1654 1480 con·

194 1519 308 1579 sectam
331 1519 571 1580 existimaturus
593 1520 662 1593 sim,
685 1537 803 1597 nempe
825 1538 925 1600 quum
948 1530 980 1581 et
1004 1519 1085 1582 fides
1108 1533 1161 1583 tua
1186 1521 1472 1602 benevolentiaque
1495 1525 1527 1584 in
1543 1541 1598 1583 me
1621 1533 1654 1585 et

195 1625 225 1683 in
248 1622 344 1683 rebus
367 1622 500 1703 agendis
523 1621 690 1702 prudentia
714 1623 790 1685 mihi
821 1623 990 1703 explorata
1013 1627 1083 1686 sint.
1108 1625 1275 1688 Hactenus
1298 1645 1371 1688 mea
1393 1627 1541 1705 propria:
1565 1645 1654 1688 nunc

195 1728 312 1807 accipe,
336 1745 420 1804 quae
444 1726 519 1788 mihi
542 1746 616 1787 cum
647 1727 741 1788 fratre
772 1730 955 1789 communia
979 1740 1062 1790 sunt.
1096 1728 1272 1792 Meministi
1293 1732 1378 1791 enim
1406 1731 1548 1805 forsitan,
1573 1730 1655 1793 dum

195 1830 301 1891 adhuc
332 1829 443 1891 Budae
474 1830 631 1912 degerem,
655 1831 788 1913 Regiam
819 1831 1022 1894 Maiestatem
1052 1831 1295 1895 Cadanensibus
1325 1836 1496 1915 scripsisse,
1526 1843 1563 1896 ut
1587 1833 1655 1896 filio

196 1935 298 1996 fratris
322 1935 383 1995 mei
406 1954 440 1997 se
464 1937 642 1996 iuramento
669 1936 878 2017 obstringant,
901 1956 940 1997 ea
963 1947 1070 1998 tamen
1102 1936 1179 2019 lege,
1201 1957 1242 1999 ne
1272 1938 1367 2000 fratre
1389 1940 1460 2000 vivo
1484 1939 1580 2001 alicui
1603 1938 1655 2000 alii

198 2058 308 2118 parere
330 2051 494 2121 cogantur.
520 2039 716 2101 Huiusmodi
739 2040 847 2101 literae
869 2059 943 2102 curn
966 2039 1208 2104 Cadanensibus
1233 2040 1376 2104 redditae
1399 2053 1517 2116 essent,
1542 2061 1657 2105 move·

199 2155 271 2205 runt
294 2145 420 2205 animos
450 2162 572 2218 eorum,
599 2162 704 2223 neque
734 2142 816 2207 ullus
846 2156 921 2219 erat,
951 2148 1005 2225 qui
1035 2147 1152 2227 regiae·
1170 2145 1327 2208 voluntati
1353 2166 1465 2226 parere
1494 2158 1656 2210 renueret.

198 2246 272 2321 Sed,
303 2258 338 2309 ut
361 2248 404 2317 fit,
428 2267 478 2309 res
509 2246 654 2328 neglecta
681 2259 737 2308 est.
771 2247 992 2326 Quamobrem
1022 2261 1168 2327 precatur
1198 2249 1300 2324 frater,
1330 2262 1364 2312 ut
1395 2270 1519 2314 rursum
1551 2250 1657 2334 Regia

199 2352 350 2414 Maiestas
366 2352 482 2413 scribat
498 2349 739 2414 Cadanensibus
755 2352 796 2414 dc
812 2354 971 2431 prioribus
993 2354 1089 2415 literis
1112 2357 1310 2417 mentionem
1326 2355 1452 2429 faciens,
1468 2357 1658 2436 iubeatque,

197 2469 252 2518 aut
275 2457 300 2517 si
322 2456 354 2517 id
378 2457 510 2517 verbum
540 2457 656 2518 durum
687 2469 743 2530 est,
775 2457 916 2536 postulet
946 2458 988 2518 ab
1019 2460 1071 2531 eis,
1097 2470 1131 2520 ut
1153 2459 1313 2538 prioribus
1341 2462 1406 2521 suis
1437 2461 1534 2522 literis
1564 2463 1659 2522 satis-

197 2562 327 2635 faciant;
350 2563 409 2623 nisi
431 2563 515 2622 enirn
539 2580 614 2639 spes
644 2581 695 2622 me
726 2560 810 2635 fallit,
834 2562 964 2621 minime
996 2564 1113 2640 optatis
1142 2565 1234 2644 regiis
1264 2564 1527 2626 adversabuntur.
1561 2564 1658 2626 Haec

196 2686 252 2728 cur
275 2665 370 2727 frater
400 2684 491 2727 meus
513 2677 610 2745 atque
640 2685 701 2748 ego
725 2676 815 2727 tanto
845 2665 1005 2728 desiderio
1036 2667 1209 2746 cupiamus,
1232 2666 1321 2728 facile
1350 2666 1525 2751 intelligere
1548 2681 1656 2749 potes,

197 2770 220 2829 si
249 2780 368 2831 statum
398 2772 517 2849 patriae
547 2782 579 2831 et
608 2769 780 2832 seditiones
809 2771 1030 2849 tumultusque
1060 2769 1203 2849 quotidie
1233 2770 1424 2851 pullulantes
1453 2775 1659 2855 cognoveris

198 2873 267 2936 Scis
297 2875 393 2935 etiam
424 2874 557 2955 Regiam
589 2873 791 2954 Majestatem
821 2876 1006 2952 promisisse
1036 2874 1120 2935 fratri
1151 2894 1235 2948 meo,
1266 2888 1300 2938 ut
1330 2878 1361 2937 in
1392 2875 1656 2939 aedificationem

199 2977 278 3040 arcis
301 2974 496 3039 Cadanensis
519 2978 584 3042 600
612 2997 792 3060 sexagenas
815 2978 1001 3056 impendere
1024 2981 1139 3056 possit:
1171 2999 1245 3040 cum
1275 2991 1383 3042 autem
1413 2980 1475 3041 hoc
1503 2992 1658 3061 tempore

199 3080 335 3143 eandem
359 3101 464 3143 arcem
488 3100 553 3142 non
576 3081 681 3142 solum
705 3084 870 3144 structuris
893 3082 950 3143 sed
974 3085 1070 3143 etiam
1094 3085 1193 3145 muris
1222 3083 1379 3164 fossisque
1402 3086 1527 3146 munire
1558 3086 1659 3149 frater

199 3186 280 3260 velit,
310 3187 409 3258 timet,
431 3187 456 3245 si
480 3184 511 3246 id
535 3188 744 3261 attentaverit,
775 3206 815 3248 ne
845 3188 961 3248 civium
993 3189 1125 3260 animos
1157 3198 1312 3267 tanquam
1342 3207 1455 3267 parum
1487 3189 1546 3250 illis
1577 3189 1656 3251 fidei

199 3291 363 3363 habeatur,
387 3310 406 3350 a
428 3310 463 3352 se
486 3290 611 3352 alienet.
646 3289 850 3369 Quapropter
881 3293 968 3369 petit,
992 3303 1026 3352 ut
1050 3290 1150 3373 Regia
1174 3290 1324 3352 Maiestas
1348 3293 1455 3355 iubeat
1484 3312 1560 3355 eum
1586 3296 1655 3356 suis

100 3424 103 3430 ¹
198 3395 294 3455 literis
318 3412 423 3454 arcem
454 3396 576 3454 munire
599 3406 631 3455 et
653 3395 737 3454 cives
765 3396 852 3472 ipsos
875 3394 917 3455 ad
946 3396 1105 3457 civitatem
1137 3394 1343 3457 muniendam
1373 3396 1499 3459 hortari.
1536 3397 1655 3478 Neque

200 3518 315 3559 causae
345 3497 471 3572 desunt,
502 3498 633 3577 quando
664 3509 696 3559 et
720 3498 840 3558 finitimi
871 3501 1028 3579 principes
1053 3501 1202 3561 inarmis
1232 3511 1314 3573 sunt,
1338 3512 1369 3561 et
1392 3499 1527 3564 Cubitus
1557 3505 1655 3565 nobis

199 3604 319 3665 vicinus
342 3604 422 3664 inter
443 3600 592 3664 Saxones
615 3614 647 3664 et
670 3602 834 3664 Bohemos
857 3602 905 3686 (ut
928 3606 1013 3664 lama
1035 3603 1096 3685 est)
1120 3602 1250 3666 vacillat.
1287 3604 1407 3679 Habes,
1429 3607 1473 3667 mi
1495 3603 1655 3681 Sslechta,

200 3706 289 3786 quod
311 3727 330 3767 a
354 3717 384 3768 tc
407 3709 541 3788 exigam.
568 3706 657 3768 Nava
680 3709 756 3769 mihi
779 3708 861 3769 hanc
884 3728 1025 3789 operam,
1049 3721 1081 3772 et
1104 3728 1156 3771 me
1178 3711 1234 3771 tibi
1257 3711 1341 3772 adeo
1368 3709 1536 3784 devincies,
1559 3723 1596 3773 ut
1620 3712 1653 3774 id

199 3810 304 3871 verbis
336 3810 485 3889 explicari
515 3829 581 3872 non
613 3813 721 3890 possit.
760 3810 806 3874 Sit
830 3814 888 3874 tibi
917 3833 1012 3874 curae
1042 3816 1141 3894 stipes
1164 3833 1245 3888 mea,
1269 3816 1330 3877 sint
1353 3826 1384 3876 et
1406 3814 1513 3876 literae
1536 3817 1653 3898 regiae,

201 3917 342 3975 maxime
365 3927 400 3976 ut
423 3914 472 3975 his
499 3916 602 3976 verbis
632 3917 816 3990 scribantur,
846 3935 901 3994 per
931 3937 1015 3996 quae
1044 3920 1269 3982 authoritatem
1299 3920 1446 3994 habeant,
1477 3929 1508 3979 et
1535 3921 1561 3980 si
1585 3919 1655 3982 fieri

199 4022 323 4098 poterit,
347 4021 488 4081 mittatur
509 4018 550 4080 ad
566 4038 618 4079 me
641 4039 749 4081 earum
772 4020 945 4099 exemplar.
968 4020 1094 4108 Quodsi
1117 4041 1200 4084 nunc
1223 4042 1284 4105 ego
1307 4042 1439 4103 quoque
1462 4024 1517 4084 tibi
1540 4043 1654 4087 curam

200 4143 398 4203 operamque
421 4143 527 4185 meam
550 4123 723 4202 pollicerer,
746 4124 942 4203 superfluam
965 4126 1107 4188 fortassis
1130 4146 1197 4189 rem
1213 4146 1350 4210 agerem.
1375 4126 1542 4189 Hactenus
1565 4132 1655 4191 enim

198 4231 240 4291 ita
256 4238 394 4289 aetatem
418 4228 504 4302 duxi,
520 4237 554 4288 ut
570 4227 644 4289 nihil
667 4229 899 4309 ingratitudinis
915 4233 1049 4293 omnino
1072 4231 1308 4310 deprehensum
1328 4233 1375 4292 sit.
1397 4229 1470 4294 Scio
1486 4243 1656 4312 praeterea

198 4344 230 4393 te
253 4350 317 4392 non
341 4350 411 4392 esse
433 4350 516 4405 eum,
532 4334 586 4410 qui
610 4334 794 4394 muneribus
817 4333 1006 4410 delectetur;
1029 4338 1095 4397 scio
1118 4334 1222 4397 studia
1244 4336 1461 4416 amicitiasque
1484 4336 1655 4398 hominum

199 4436 255 4496 tibi
279 4437 366 4495 omni
389 4455 468 4496 auro
484 4438 619 4517 gratiora
643 4456 721 4498 esse.
746 4436 835 4512 Vale,
852 4441 974 4517 optime
996 4439 1147 4514 Sslechta,
1163 4451 1194 4502 et
1211 4441 1259 4501 fac
1275 4459 1407 4519 quaeso,
1428 4452 1462 4502 ut
1476 4441 1655 4523 intelligam

200 4542 329 4600 minime
352 4551 384 4600 te
408 4541 543 4617 priscam
567 4542 596 4601 in
621 4561 672 4601 me
696 4541 949 4603 benevolentiam
975 4546 1139 4604 remisisse.

287 4764 311 4815 Ο
331 4763 430 4815 sliatlru
450 4749 598 4816 Sleclrtove
618 4763 662 4816 viz
681 4764 836 4832 poznamlru
857 4765 873 4817 k
891 4765 955 4817 listu
974 4766 1157 4834 pledeslemu.
1176 4766 1389 4835 Kopevilovanl
1407 4767 1506 4820 zamlru
1525 4784 1542 4820 a
1561 4772 1658 4823 mesta

201 4849 387 4902 Kadallskeho
405 4850 468 4918 daly
482 4851 585 4918 podnet
603 4851 698 4919 zajiste
717 4852 835 4919 tehdejsi
855 4852 989 4920 nepoltojc
1003 4840 1148 4905 Slilrovslre
1161 4859 1262 4921 (srovn.
1277 4854 1433 4906 Palaclreho
1447 4854 1479 4917 V,
1492 4854 1517 4917 2,
1529 4852 1564 4906 73
1576 4873 1593 4908 a
1607 4860 1657 4923 n.).

201 4937 240 4988 Po
258 4943 348 4988 tomto
367 4936 430 4989 listu
458 4938 602 5005 pielriena
627 4939 708 4991 ndhle
731 4939 970 5007 korrespondence
996 4940 1066 4991 mezi
1086 4940 1270 4992 Bohuslavem
1297 4927 1465 4993 aSlechtou
1485 4958 1520 4993 na
1539 4942 1658 4997 netolik

201 5022 249 5083 let;
268 5022 326 5090 bylt
345 5010 458 5077 Sleclrta
477 5026 585 5077 tenkrftt
604 5043 618 5076 s
638 5026 800 5079 kralovslrou
820 5026 959 5079 kancelaii
977 5044 1007 5078 se
1025 5027 1165 5079 rozloudil.
