3696 5836
821 404 913 463 loos.

838 616 908 681 155.

441 752 660 827 Bohuslav
688 753 939 828 Bernhardu
967 753 1291 828 Adelmannovi.

227 904 248 961 Ζ
267 902 422 964 Ηιείἕ1οἰιιι
440 907 533 975 (1500)
552 937 580 944 -
597 908 633 962 11.
653 911 743 965 littora.
765 907 941 976 Doporutuje
960 908 1044 976 rytlie
1064 908 1217 975 Sigmunda
1235 908 1407 970 Knoblocha,
1427 909 1505 976 ktery
1525 926 1592 961 nesa

140 999 219 1044 tento
237 992 283 1045 list
299 992 345 1060 jde
363 994 400 1046 do
419 993 525 1047 Ncmec
546 1011 581 1047 na
599 994 695 1047 sluibu
714 994 875 1062 vojenslrou.
894 993 1039 1062 Potvrzuje
1058 994 1147 1063 piijeti
1166 995 1316 1063 zaslanych
1336 993 1403 1047 sobe
1422 994 1488 1047 knih
1507 1013 1523 1048 a
1542 996 1592 1064 pil·

139 1077 227 1146 strojd
246 1081 469 1150 geografickyeh,
490 1081 498 1134 i
516 1082 585 1135 iada
603 1099 636 1135 za
655 1082 727 1135 sfkru
748 1081 897 1135 nebeslrou.
917 1083 996 1148 (Luc.
1017 1080 1106 1147 1331.)

226 1237 295 1302 Suo
319 1239 506 1302 Bernhardo
529 1239 735 1303 Adelmanno
758 1262 782 1303 s.
808 1261 837 1320 p.
861 1242 890 1303 d.
914 1241 1137 1325 Sigismundus
1167 1256 1386 1324 cognomento
1409 1242 1592 1318 Knobloch,

139 1346 194 1423 qui
218 1343 259 1404 ad
283 1355 315 1406 te
338 1345 555 1423 proficiscitur,
585 1365 629 1406 ex
656 1348 793 1426 equestri
823 1346 936 1407 ordine
963 1359 1019 1417 est,
1050 1345 1218 1425 multoque
1249 1356 1395 1424 ternpore
1422 1348 1452 1407 in
1477 1346 1592 1408 familia

138 1466 212 1508 mea
236 1447 300 1510 fuit.
323 1447 353 1509 Is
376 1449 406 1510 in
429 1451 608 1529 praesentia
631 1448 837 1511 Germaniam
860 1452 947 1528 petit,
978 1461 1032 1512 aut
1056 1451 1120 1531 regi
1143 1461 1197 1511 aut
1220 1450 1310 1511 alicui
1333 1470 1375 1510 ex
1398 1451 1592 1528 principibus

137 1553 211 1626 suis,
242 1554 267 1612 si
290 1550 356 1613 fieri
380 1555 505 1630 poterit,
538 1552 734 1615 militaturus
772 1551 975 1615 Commendo
1006 1555 1060 1615 tibi
1084 1553 1250 1615 hominem
1275 1573 1461 1632 precorque,
1495 1566 1530 1615 ut
1557 1565 1592 1616 tu

137 1675 270 1736 quoque
293 1675 367 1717 euin
388 1659 457 1730 ruia,
480 1660 504 1717 si
528 1677 611 1738 quos
633 1656 746 1719 saltem
771 1661 801 1718 in
825 1656 897 1718 aula
920 1660 1006 1739 regia
1029 1658 1136 1733 habes,
1161 1676 1297 1738 quorum
1322 1677 1384 1736 ope
1408 1657 1592 1738 auxilioque

137 1757 178 1833 id,
202 1759 293 1838 quod
316 1763 413 1841 cupit,
443 1763 570 1842 assequi
593 1764 704 1840 possit,
734 1760 952 1823 commendes.
984 1761 1095 1822 Paucis
1118 1762 1222 1822 verbis
1246 1772 1351 1823 tecum
1375 1781 1447 1843 ag0,
1479 1773 1592 1841 utpote

136 1882 211 1924 cum
246 1867 345 1926 sciam
379 1884 432 1926 me
463 1885 621 1946 meosque
655 1867 785 1927 minime
815 1865 1097 1927 commendatione
1130 1866 1217 1946 apud
1252 1877 1283 1928 te
1317 1865 1465 1948 indigere.
1503 1865 1590 1927 Libri

138 1979 336 2048 caeteraque,
366 1968 408 2030 de
438 1970 554 2049 quibus
578 1983 741 2049 postremo
772 1970 813 2030 ad
843 1988 894 2031 me
924 1970 1083 2049 scripsisti,
1112 1969 1361 2049 nudiusquartus
1392 1970 1467 2031 mihi
1498 1970 1591 2031 allata

79 2104 86 2113 ·
137 2083 218 2132 sunt.
244 2070 428 2134 Delectatus
448 2073 619 2152 plurimum
643 2074 691 2135 his
706 2093 787 2147 sum,
810 2075 952 2152 inprimis
974 2084 1083 2135 autem
1107 2073 1241 2153 sphaera
1261 2085 1371 2148 terrae,
1394 2093 1592 2154 quamquam

137 2177 219 2238 iusta
242 2176 462 2258 magnitudine
485 2189 599 2240 careat.
628 2179 738 2258 ltaque
760 2180 784 2240 si
808 2181 973 2251 curaveris
996 2190 1031 2240 ut
1054 2181 1216 2252 maiorem,
1240 2180 1304 2241 imo
1328 2197 1425 2258 quarn
1450 2179 1593 2238 maxima

138 2278 201 2340 fieri
226 2284 349 2358 poterit,
367 2301 405 2342 ea
428 2282 532 2343 sonna
550 2283 696 2355 habeam,
721 2283 926 2344 vehementer
941 2276 1017 2343 mihi
1039 2293 1164 2364 gratum
1183 2285 1250 2343 erit.
1273 2280 1398 2359 Quodsi
1420 2281 1590 2360 sphaeram

136 2383 309 2445 coelestem
333 2386 493 2447 addideris
516 2387 622 2448 media
645 2397 735 2466 parte
758 2389 806 2448 sui
829 2389 861 2448 in
885 2385 968 2468 ligno
985 2397 1140 2447 excavato
1157 2387 1318 2459 latentem,
1341 2398 1373 2447 et
1396 2384 1592 2446 revolutione

137 2507 195 2549 sua
225 2499 313 2551 ortus
343 2509 540 2569 occasusque
571 2492 734 2571 signorum
769 2501 1009 2564 monstrantem,
1041 2489 1166 2570 qualern
1198 2510 1250 2551 me
1280 2489 1452 2570 aliquando
1476 2489 1591 2550 vidisse

138 2593 275 2665 memini,
298 2593 340 2654 ad
364 2605 508 2655 nostrum
531 2594 624 2655 clima
649 2595 773 2668 sactarn,
789 2593 914 2655 sublimi
939 2595 1047 2656 feriam
1069 2594 1172 2655 sidera
1195 2596 1317 2656 vertice.
1341 2594 1391 2656 De
1406 2614 1440 2656 re
1456 2595 1590 2654 literaria

137 2695 326 2775 iampridem
349 2697 390 2758 ad
414 2710 445 2759 te
468 2701 586 2776 scripsi,
609 2718 715 2778 neque
738 2701 768 2759 in
785 2699 964 2777 praesentia
987 2701 1159 2779 quicquam
1182 2699 1267 2760 aliud
1290 2699 1319 2759 in
1338 2709 1480 2760 mentem
1495 2701 1589 2758 venit.

138 2798 229 2874 Vale,
260 2800 486 2862 iucundissime
514 2805 557 2863 rni
588 2802 779 2864 Bernharde.
813 2802 937 2882 Quodsi
968 2800 1082 2885 scire*)
1106 2805 1203 2882 cupis,
1235 2823 1318 2883 quae
1344 2801 1430 2882 apud
1453 2822 1514 2864 nos
1536 2823 1589 2885 ge·

136 2912 255 2978 runtur,
279 2902 500 2986 Sigismundus
523 2926 632 2967 coram
656 2908 804 2968 narrabit.
828 2907 948 2969 Datum
972 2907 1235 2986 Hassensteynae
1261 2908 1308 2970 11.
1332 2906 1503 2968 Februarii.

223 3074 358 3128 Zmlnene
372 3093 388 3127 v
402 3075 466 3129 listu
484 3076 611 3145 plistroje
627 3076 690 3145 jsou
708 3076 805 3145 zajiste
824 3094 879 3130 ona
898 3078 1083 3131 instrumenta
1096 3078 1295 3131 mathematica
1308 3077 1372 3131 listu
1388 3076 1437 3130 148
1449 3093 1465 3129 z
1477 3093 1497 3129 r.
1512 3074 1588 3137 1507,

136 3176 174 3212 na
192 3159 244 3213 nel
261 3162 413 3230 vynaloiiti
431 3163 505 3216 chtel
524 3162 665 3215 Bohuslav
682 3164 766 3216 zatim
785 3164 871 3218 3021.
899 3165 969 3233 Byly
988 3172 1016 3217 to
1035 3165 1108 3234 slery
1127 3165 1172 3217 tili
1191 3164 1283 3233 globy,
1302 3165 1425 3233 zemsky',
1444 3164 1521 3232 ltery'
1541 3181 1588 3216 mu

136 3246 288 3312 Bernhard,
307 3248 350 3301 ale
368 3248 444 3317 pissis
464 3249 545 3318 maly',
565 3251 648 3318 praue
672 3252 768 3319 poslal,
787 3268 803 3303 a
822 3250 953 3320 nebeslry',
970 3251 1032 3319 jalre
1054 3269 1090 3320 po
1109 3251 1361 3319 Regiomontanovi
1380 3269 1397 3302 v
1417 3250 1588 3304 Normberce

134 3350 151 3385 a
165 3333 330 3400 Augsburlru
349 3336 458 3389 tenlrrat
476 3337 600 3390 hotovili.
619 3338 784 3391 Potieboval
800 3338 857 3406 jich
871 3339 1012 3392 Bohuslav
1025 3338 1120 3406 zajiste
1140 3339 1326 3407 lrvyudovanl
1339 3339 1487 3391 bratrovcd
1500 3338 1587 3406 svy'eh

135 3437 173 3474 na
192 3421 360 3475 Hasisteinb.
381 3422 519 3476 Uditelem
536 3422 620 3491 jejich
640 3424 694 3493 hyl,
711 3423 757 3491 jak
776 3427 885 3489 mimo,
902 3427 953 3496 Jan
974 3426 1101 3480 Sturnos.

832 3674 901 3735 loo.

553 3812 772 3886 Bohuslav
796 3811 948 3905 Janovi
976 3836 999 3884 z
1029 3811 1170 3907 Pibry.

224 3961 243 4016 2
263 3959 614 4029 118911101111(1500)-0.
634 3966 729 4023 dubria.
748 3968 833 4020 Hrozi
852 3984 882 4020 se
902 3967 1053 4033 zaslanych
1073 3965 1140 4018 sobe
1159 3964 1243 4032 spisil,
1264 3981 1279 4014 v
1299 3961 1380 4014 nichi
1400 3961 1526 4029 zejmena
1545 3979 1586 4014 za·

136 4048 206 4099 mita
224 4066 254 4100 se
273 4047 384 4101 klaneni
402 4050 505 4113 h’ristu,
518 4069 534 4103 a
547 4052 578 4104 le
595 4054 720 4120 plivodce
737 4053 821 4122 jejich
842 4052 960 4106 chraniti
980 4051 1123 4120 opovalila
1142 4070 1171 4103 se
1186 4052 1273 4102 hlarta
1291 4048 1467 4102 zBoskovie.
1486 4049 1588 4101 Schva·

136 4132 191 4200 luje
210 4134 286 4187 lrrute
305 4136 437 4205 mandaty
455 4138 526 4205 proti
546 4139 673 4202 Bratiim,
692 4141 735 4193 ale
760 4140 815 4208 boji
834 4158 872 4202 se,
893 4141 923 4192 ie
943 4139 1073 4193 nebudou
1096 4137 1214 4191 nalelite
1233 4137 1401 4205 provedeny.
1420 4137 1499 4203 (Luc.
1520 4136 1589 4201 135.)

222 4293 333 4374 loanni
358 4315 418 4357 suo
441 4295 481 4356 de
505 4297 597 4360 Pibra
620 4320 643 4362 s.
667 4320 697 4378 p.
721 4301 750 4361 d.
774 4299 908 4378 Quoties
931 4300 972 4361 ad
996 4319 1048 4361 me
1070 4299 1233 4361 scribebas
1256 4308 1357 4367 antea,
1390 4298 1484 4356 toties
1507 4315 1588 4356 nova

135 4397 276 4476 quadam
308 4397 472 4478 voluptate
504 4403 578 4463 mihi
606 4405 727 4484 impleri
752 4406 835 4466 visus
864 4424 944 4465 suin.
979 4403 1147 4467 Caeterum
1180 4404 1212 4463 in
1243 4403 1430 4480 praesentia,
1467 4412 1499 4461 ut
1533 4400 1588 4460 tibi

136 4503 272 4581 ingenue
288 4502 394 4577 lateat,
417 4508 534 4580 nescio,
557 4507 784 4570 delectarintne
804 4529 856 4570 me
872 4512 973 4591 magis
996 4509 1102 4570 literae
1117 4518 1199 4581 tuae,
1222 4524 1263 4567 an
1280 4503 1483 4583 exeruplaria,
1506 4523 1589 4582 quae

135 4606 230 4667 simul
253 4626 328 4668 cum
351 4607 446 4670 literis
477 4610 518 4671 ad
546 4631 598 4672 me
626 4614 743 4687 misisti,
775 4616 905 4674 anxium
938 4614 1159 4690 solicitumque
1189 4609 1391 4671 reddiderint.
1427 4607 1511 4668 Nam
1534 4607 1588 4686 qui

137 4728 228 4771 meus
250 4731 342 4773 amor
364 4715 394 4773 in
409 4717 543 4792 patriam
567 4727 623 4791 est,
647 4736 712 4778 non
737 4719 826 4796 potui
842 4736 907 4777 non
931 4718 1136 4797 ingemiscere
1160 4714 1216 4789 his,
1240 4733 1324 4792 quae
1340 4712 1381 4773 ad
1398 4711 1589 4791 reipublicae

135 4824 264 4876 nostrae
286 4817 448 4878 excidium
472 4830 503 4881 et
527 4820 567 4880 ad
591 4821 748 4902 religionis
772 4822 894 4880 ruinam
924 4818 1216 4898 omnimodurnque
1242 4817 1467 4879 exterminium
1491 4818 1588 4876 mani-

134 4917 304 4981 festissime
325 4933 480 4998 spectant.
504 4923 646 5002 Quando
669 4926 754 4984 enirn
771 4943 913 5004 unquam
937 4927 1039 4986 maior
1062 4924 1263 5002 blasphemia
1278 4920 1386 4983 audita
1410 4932 1467 4994 est,
1491 4941 1588 5001 quam

134 5040 234 5100 quern
256 5019 416 5085 Christum
440 5026 604 5106 filiumque
627 5026 687 5088 Dei
709 5027 898 5103 confitearis
921 5047 996 5089 eum
1020 5028 1223 5090 adorandum
1246 5023 1382 5108 negare?
1409 5022 1477 5085 Aut
1499 5024 1588 5104 quod

134 5144 296 5187 venenum
319 5126 392 5189 huic
423 5133 504 5207 pesti
527 5133 706 5210 comparari
737 5130 864 5209 potest?
897 5130 1017 5193 Horret
1039 5133 1173 5206 animus,
1203 5130 1281 5191 dum
1312 5129 1391 5190 haec
1415 5129 1527 5201 scribo,
1558 5140 1590 5190 et

222 5312 249 5379 *)
267 5312 341 5368 Toto
360 5314 438 5369 alovo
457 5316 633 5385 doplhujerne
651 5318 733 5387 podle
752 5317 867 5387 smyslu.
