3660 5850
189 369 224 424 48
869 367 960 426 1493.

188 582 302 635 hardum
323 579 516 634 Adelmanum.
541 581 579 633 Ze
596 581 650 648 jest
669 581 748 649 napis
766 579 918 633 versovane
938 578 1056 646 epistoly
1076 577 1102 630 te
1122 577 1286 645 nesprawny',
1305 576 1430 644 pledetle
1450 575 1536 629 bascli
1555 576 1636 630 ihned

186 670 338 738 poandme;
357 667 442 721 nebot
460 666 545 720 nikoli
564 669 677 721 nemohl
696 667 825 720 kcizinci
850 666 974 732 lNemci)
992 665 1204 727 Adelmannovi,
1229 664 1314 732 nybri
1336 663 1383 732 jen
1408 663 1444 717 ku
1463 663 1576 732 krajanu
1595 667 1639 717 nll-

187 757 313 810 kteremu
333 756 408 809 mohl
428 755 567 808 Bohuslav
585 756 662 808 takto
690 755 759 824 psati
779 754 912 824 vyzy'vaje
930 754 976 821 jej,
1000 753 1054 822 aby
1073 753 1133 820 deje
1153 753 1235 806 desire
1258 751 1393 821 basnicky
1412 752 1519 805 oslavil.
1546 752 1638 805 Avialr

185 843 306 912 praveho
326 844 469 896 adressltta
487 842 563 896 udati
582 841 754 895 nemtiieme.
775 841 890 910 Vys‘lali
910 841 996 894 hasen
1016 850 1075 894 tato
1094 841 1156 894 take
1179 840 1279 893 tisltem
1298 840 1411 902 zvlalte,
1431 839 1552 893 ncvlme.
1581 839 1636 892 Tar

184 930 270 984 bascli
290 931 407 983 nachazi
426 948 455 983 se
475 930 538 983 take
557 947 574 981 v
587 929 716 998 rulropisu
744 930 842 982 dvornl
869 929 1012 997 lrnihovny
1037 927 1178 981 Videliske
1203 928 1257 997 pod
1276 928 1325 981 tls.
1344 925 1412 980 3271
1437 943 1474 980 na
1492 926 1509 979 l.
1527 925 1636 991 25-27,

186 1019 193 1070 i
212 1018 375 1087 nadepsdna
393 1026 465 1071 tam:
484 1018 603 1071 Carmen
622 1019 656 1070 de
676 1016 789 1071 miseria
808 1017 960 1070 Bohemiae
979 1015 1112 1084 (Tabulae
1131 1016 1192 1068 cod.
1211 1015 1242 1068 11.
1261 1017 1320 1081 su).

887 1335 937 1398 tlt

540 1472 762 1547 Bohuslav
786 1472 939 1567 Janovi
966 1495 989 1545 z
1014 1471 1285 1546 Domaslave.

277 1660 297 1716 Ζ
317 1659 399 1716 Elian
419 1661 484 1717 tata
502 1692 535 1698 —
555 1662 591 1718 lll.
612 1660 689 1731 iljutt.
714 1661 864 1730 Vyslovuje
877 1662 924 1715 sve
938 1662 1064 1731 potelenl
1077 1679 1092 1714 z
1105 1663 1215 1731 timyslu
1228 1663 1361 1726 Praianb,
1375 1661 1406 1716 ie
1419 1663 1490 1716 vrdtl
1503 1681 1533 1717 se
1546 1680 1563 1715 v
1576 1664 1638 1716 ldno

189 1750 281 1803 cirkve
301 1750 411 1809 llmslre,
430 1749 438 1801 i
459 1749 609 1817 napomlna
629 1748 824 1803 kobezlelosti
844 1768 861 1803 a
879 1749 1042 1818 vytrvalosti
1068 1751 1193 1819 ptlvodce
1217 1751 1327 1819 timyslu
1354 1750 1430 1813 tolio,
1449 1750 1576 1803 lronedne
1595 1750 1638 1803 titt

188 1836 271 1889 blaho
294 1837 408 1890 astestl
433 1837 545 1900 naroda,
568 1837 612 1904 jer
631 1854 646 1889 z
662 1837 811 1905 provedeni
837 1837 903 1905 jeho
930 1836 966 1906 by
987 1837 1088 1890 vzeslo.
1112 1836 1191 1903 (Luc.
1212 1835 1262 1888 143
1280 1853 1297 1889 a
1315 1838 1371 1906 rlrp.
1391 1836 1603 1906 Klementinslry
1620 1837 1637 1890 l.

188 1925 223 1977 Ι).
241 1924 259 1975 3
276 1924 293 1977 l.
315 1925 337 1986 l,
356 1924 509 1992 Vinattctq
529 1923 580 1990 18.)

269 2100 384 2182 Joanni
400 2122 461 2163 suo
477 2102 518 2164 de
535 2100 742 2163 Domaslavia
764 2101 852 2180 apud
876 2102 1002 2164 tabulas
1022 2102 1166 2182 publicas
1181 2122 1205 2165 s.
1222 2101 1253 2163 d.
1269 2102 1370 2164 Fama
1389 2113 1541 2164 constans
1556 2102 1641 2181 apud

187 2224 247 2267 nos
270 2216 318 2266 est
341 2208 497 2285 primores
520 2206 695 2288 Pragenses
719 2217 751 2268 et
774 2208 956 2268 universum
980 2206 1137 2285 populum
1153 2205 1194 2267 ad
1210 2209 1365 2288 gremium
1388 2208 1541 2269 ecclesiae
1564 2204 1639 2290 (quo

188 2312 293 2372 multis
317 2313 379 2372 iarn
404 2314 495 2372 annis
517 2310 609 2372 nullis
632 2310 801 2384 blanditiis,
825 2310 917 2372 nullis
945 2311 1118 2373 terroribus
1147 2309 1279 2390 perduci
1310 2307 1497 2394 potuerunt)
1527 2322 1639 2391 sponte

187 2417 299 2487 venire,
324 2417 481 2494 ivisseque
504 2415 627 2497 legatos
650 2416 801 2489 Romam,
824 2418 878 2494 qui
902 2417 1018 2489 omnia,
1042 2414 1084 2476 dc
1107 2417 1223 2494 quibus
1254 2418 1335 2477 inter
1356 2414 1467 2478 sedem
1490 2417 1640 2495 apostoli-

187 2539 257 2580 cam
292 2531 323 2579 et
353 2537 411 2580 eos
441 2520 619 2601 ambigitur,
651 2523 803 2599 potestati
833 2521 1029 2599 arbitrioque
1060 2519 1216 2599 pontilicis
1252 2522 1383 2582 maximi
1415 2524 1639 2601 permitterent.

188 2621 325 2684 Gaudeo
348 2625 501 2684 maiorem
526 2626 556 2684 in
580 2624 716 2685 modum
740 2637 771 2686 et
795 2624 1048 2706 magnitudinem
1072 2626 1177 2707 gaudii
1205 2628 1267 2687 mei
1290 2643 1356 2687 non
1373 2622 1397 2707 ¹)
1421 2629 1524 2704 capio.
1559 2625 1640 2688 Nam

188 2729 259 2807 quis
281 2737 347 2788 tam
379 2739 524 2789 extreme
555 2730 585 2788 in
609 2731 744 2808 patriam
776 2731 891 2807 impius
921 2739 977 2804 est,
1008 2740 1043 2792 ut
1072 2731 1278 2791 conversione
1305 2729 1522 2792 nobilissimae
1551 2731 1641 2792 huius

188 2833 321 2893 civitatis
351 2829 447 2913 (quae
478 2852 543 2893 non
573 2835 679 2896 solum
711 2833 886 2896 Bohemiae
916 2845 1012 2913 caput
1035 2845 1092 2908 est,
1121 2835 1179 2896 sed
1203 2832 1393 2896 Germaniae
1420 2837 1518 2897 etiam
1544 2836 1641 2897 decus

188 2945 285 3015 atque
309 2939 547 3009 ornamentum)
578 2947 650 3000 toto
680 2949 811 3017 pectore
843 2958 908 3001 non
939 2939 1133 3001 delectetur?
1167 2937 1285 3018 Neque
1314 2942 1399 3001 enim
1430 2938 1566 3002 dubium
1596 2952 1640 3002 est

188 3049 333 3102 caeteros
355 3060 487 3121 quoque
510 3044 641 3105 minoris
664 3046 803 3104 nominis
827 3044 964 3124 populos
988 3044 1140 3125 exemplo
1164 3043 1283 3126 Pragae
1305 3044 1347 3107 ad
1369 3047 1539 3107 sanitatem
1563 3044 1641 3106 redi-

189 3156 287 3206 turos.
321 3143 444 3208 Videor
475 3146 549 3207 mihi
580 3147 725 3226 prolecto
757 3150 820 3209 iam
851 3151 942 3230 quasi
972 3170 1030 3229 per
1057 3150 1176 3212 nubem
1207 3148 1372 3229 quandam
1401 3152 1515 3211 intueri
1545 3149 1642 3212 felicia

190 3247 240 3309 illa
264 3260 409 3329 tempora
433 3261 463 3311 et
487 3269 560 3310 vere
591 3270 696 3324 aurea,
720 3272 803 3331 quae
832 3254 894 3315 sub
917 3251 1033 3316 Carolo
1066 3273 1196 3319 caesare
1224 3254 1383 3336 vigebant,
1406 3252 1539 3334 quando
1563 3254 1641 3316 haec

189 3351 413 3415 florentissima
451 3355 527 3415 urbs
558 3356 600 3417 ab
636 3357 787 3419 omnibus
816 3359 923 3418 vicinis
952 3358 1101 3439 gentibus
1134 3357 1404 3437 frequentabatur,
1439 3377 1507 3438 quo
1538 3376 1643 3438 neque

189 3462 393 3538 gymnasium
418 3458 578 3520 literarum
601 3458 754 3543 clarius⁹)
781 3480 887 3541 neque
918 3465 1098 3540 emporium
1121 3465 1151 3522 in
1175 3472 1246 3523 toto
1276 3463 1513 3540 septemtrionis
1541 3472 1642 3524 tractu

188 3560 335 3625 illustrius
358 3583 398 3624 ca
420 3573 612 3643 tempestate
642 3577 719 3627 erat.
750 3563 944 3645 Quanquam
975 3568 1060 3627 enim
1083 3564 1142 3647 a³)
1165 3576 1256 3629 tanto
1287 3566 1410 3648 fastigio
1440 3569 1643 3647 nominisque

189 3666 373 3729 celebritate
397 3670 427 3729 in
451 3672 629 3747 praesentia
653 3670 749 3752 longe
772 3669 949 3743 declinarit,
982 3690 1046 3733 non
1074 3681 1253 3732 esttamen
1283 3670 1530 3749 desperandum,
1554 3670 1644 3751 quod

189 3767 322 3832 Carolus
356 3775 519 3850 praestitit,
548 3772 579 3833 id
607 3774 700 3834 huius
723 3776 821 3835 nostri
850 3774 1085 3853 prudentissimi
1100 3772 1126 3845 ‘l
1153 3793 1284 3855 quoque
1315 3776 1464 3854 principis
1490 3778 1644 3855 sapientia

189 3886 286 3954 atque
309 3878 423 3937 iirtute
447 3881 599 3955 praestari
623 3876 769 3956 efficique
792 3897 897 3956 posse,
921 3881 946 3939 si
971 3890 1094 3940 tantum
1123 3878 1298 3961 Pragenses
1320 3878 1362 3940 ad
1385 3898 1420 3940 se
1442 3882 1556 3941 reversi
1580 3899 1646 3941 non

189 3979 295 4041 solum
318 3981 548 4058 rempublicam
572 3981 629 4043 sed
661 3984 756 4044 etiam
780 3981 840 4056 illa,
868 4002 951 4061 quae
974 3982 1015 4043 ad
1040 3982 1225 4065 religionem
1256 3986 1520 4064 ceremoniasque
1550 3986 1646 4064 perti·

190 4096 275 4158 nent,
298 4105 341 4146 ex
356 4087 424 4146 eius
435 4086 568 4148 consilio
591 4097 688 4166 atque
710 4088 898 4149 auctoritate
913 4084 938 4167 ⁵)
962 4087 1020 4148 sibi
1041 4086 1294 4150 administranda
1317 4091 1506 4167 putaverint,
1527 4098 1564 4151 ut
1583 4088 1646 4150 hoc

189 4199 336 4268 tempore
352 4209 418 4251 non
434 4192 571 4253 obscure
587 4210 663 4271 prae
679 4210 713 4251 se
729 4198 840 4252 terunt.
860 4190 973 4253 Ardeo
989 4190 1120 4270 quidem
1138 4190 1311 4253 incredibili
1326 4191 1495 4265 desiderio,
1511 4204 1547 4255 ut
1563 4211 1646 4272 opus

191 4304 256 4353 tam
279 4293 425 4367 salutare,
449 4295 539 4375 quod
564 4304 655 4357 tanto
683 4296 827 4355 omnium
857 4314 1017 4356 consensu
1040 4307 1192 4373 coeptum
1206 4292 1232 4376 ο)
1263 4307 1320 4370 est,
1344 4295 1440 4358 linem
1471 4296 1593 4358 laetum
1615 4306 1646 4356 et

191 4399 315 4476 optimo
331 4400 428 4458 cuivis
444 4398 656 4479 studiosoque
672 4398 863 4478 reipublicae
887 4400 1027 4478 inprimis
1050 4398 1270 4478 expetendum
1292 4400 1482 4480 propediem
1503 4402 1648 4478 accipiat.

189 4500 255 4564 Sed
279 4502 358 4563 dum
382 4501 566 4565 naturam⁷l
590 4506 753 4581 imperitae
785 4502 995 4564 multitudinis
1018 4521 1113 4582 tquae
1144 4501 1206 4564 huc
1233 4515 1264 4565 et
1288 4502 1361 4565 illuc
1388 4502 1446 4565 levi
1473 4516 1648 4569 momento

283 4758 299 4823 'l
317 4758 341 4809 tt
360 4758 403 4809 rix
424 4759 526 4811 animo.

280 4845 301 4897 *l
322 4845 348 4896 ‚ll
368 4847 513 4912 t'ynechal.

277 4932 296 4985 'l
316 4933 343 4983 ,ll
360 4942 453 4984 autem
474 4951 497 4984 e.

279 5022 297 5069 ‘l
315 5020 339 5071 tt
359 5019 471 5087 plidriva
490 5020 830 5087 circumspectissimique.

280 5105 298 5170 ‘l
317 5109 344 5158 ‚ll
363 5106 472 5160 auxilio.

280 5194 301 5258 ‘l
320 5195 343 5246 li
363 5203 539 5261 conceptum.

280 5281 299 5347 ⁷)
318 5282 345 5335 ll
364 5281 491 5335 notitiam
510 5284 538 5349 tl)
