3660 5850
239 353 294 410 220
931 350 1009 410 1511.

240 567 319 630 mihi
342 577 513 647 utmmque
535 566 740 647 probaretur:
764 583 826 646 ego
849 583 934 639 vero,
958 567 1001 625 mi
1015 562 1140 638 Stume,
1163 562 1277 625 vellem
1299 564 1356 626 tibi
1379 565 1411 624 in
1434 564 1533 626 rebus
1549 563 1704 624 omnibus

241 689 365 733 morem
388 689 505 752 gerere,
532 680 565 732 et
596 671 677 731 sicut
699 667 831 728 consilio
854 669 897 728 ita
919 678 951 728 et
973 667 1092 730 auxilio
1116 667 1238 743 adesse,
1270 670 1296 731 si
1318 686 1419 748 penes
1442 686 1494 729 me
1518 678 1647 729 tantum
1671 676 1704 727 et

242 774 363 837 consilii
394 786 426 836 et
449 774 626 835 autoritatis
656 783 748 846 esset,
778 782 933 851 quantum
957 782 992 833 tu
1014 771 1169 851 deceptus
1199 773 1352 850 opinaris:
1382 771 1440 834 sed
1463 790 1540 833 cum
1562 782 1704 851 utroque

243 898 358 958 parum
381 879 512 959 possim,
536 875 704 956 quomodo
728 876 783 938 tibi
807 874 848 936 de
871 894 923 935 me
946 877 1022 937 certi
1045 874 1173 955 aliquid,
1205 874 1326 937 stabilis
1348 886 1404 937 aut
1427 878 1536 958 magni
1559 876 1705 956 polliceri

243 982 354 1044 valeo?
384 981 498 1044 Dicam
520 990 638 1054 tamen,
666 982 705 1041 sit
728 990 901 1059 utcunque,
932 978 1020 1060 quod
1043 979 1104 1040 hac
1128 981 1159 1040 in
1182 998 1215 1040 re
1237 981 1358 1041 sentio:
1390 982 1495 1042 sentio
1519 992 1628 1042 autem
1652 983 1705 1054 ita,

243 1087 333 1167 quod
356 1085 523 1148 consilium
543 1095 635 1147 tuum
658 1087 691 1146 in
705 1084 785 1146 libro
808 1084 862 1145 illo
885 1082 1043 1145 Maiestati
1065 1083 1184 1164 Regiae
1210 1085 1324 1145 iterum
1349 1083 1532 1147 dedicando
1556 1085 1705 1164 probem.

244 1189 330 1271 Quid
354 1192 437 1252 enim
462 1190 557 1251 obest
579 1191 714 1268 experiri
730 1189 941 1250 clementioris
963 1188 1110 1250 fortunae
1126 1188 1265 1250 statum?
1287 1186 1432 1250 Maxime
1454 1208 1531 1250 vero
1551 1190 1577 1249 si
1594 1200 1705 1250 centu-

244 1296 309 1356 riae
332 1295 391 1373 ipsi
421 1304 452 1355 et
480 1293 561 1354 libro
591 1295 858 1373 epigrammatum
887 1290 1071 1354 adiunxeris
1101 1292 1241 1372 aliquem
1272 1311 1315 1353 ex
1345 1291 1403 1354 illis
1433 1293 1520 1353 libris
1550 1291 1705 1354 Bohuslai

244 1401 345 1460 nostri
376 1396 521 1458 nondum
545 1396 647 1459 editis.
675 1395 778 1476 Spero
801 1396 880 1457 haec
903 1398 987 1457 enim
1011 1395 1171 1457 Maiestati
1201 1395 1286 1459 Suae
1310 1408 1406 1475 prout
1429 1415 1514 1457 nova
1537 1399 1581 1458 ita
1606 1398 1705 1458 etiam

245 1515 336 1586 grata
359 1514 392 1564 et
414 1515 546 1581 accepta
577 1502 690 1565 lutura.
721 1500 842 1580 Accepi
866 1500 962 1561 etiam
992 1496 1220 1563 Celsitudinem
1250 1499 1351 1562 Suam
1374 1500 1433 1561 hac
1456 1499 1706 1581 quadragesima

245 1609 337 1669 certis
360 1626 402 1667 ex
425 1609 530 1668 causis
553 1605 674 1687 Pragae
697 1607 942 1667 constituturam
972 1617 1004 1666 et
1027 1608 1134 1666 statim
1156 1624 1174 1665 e
1198 1604 1400 1666 Wratislavia
1421 1624 1480 1697 per
1505 1605 1705 1683 Hexapolim

247 1712 308 1773 huc
331 1710 555 1789 profecturam.
578 1708 612 1771 Si
634 1710 726 1791 igitur
749 1708 819 1781 buc,
843 1718 877 1769 ut
901 1709 1011 1781 serunt,
1034 1709 1160 1782 venerit,
1185 1708 1260 1770 volo
1283 1720 1338 1770 tua
1362 1728 1459 1770 causa
1475 1709 1559 1770 hanc
1576 1712 1707 1787 provin·
1802 1719 1805 1723 '

246 1818 329 1877 ciam
352 1815 487 1876 libenter
509 1815 676 1891 suscipere,
699 1811 914 1890 adhibitisque
938 1813 1012 1873 mihi
1036 1813 1084 1873 his
1101 1813 1179 1885 uiris,
1203 1816 1257 1892 qui
1280 1822 1354 1873 sunt
1370 1825 1436 1874 tam
1454 1814 1615 1875 bonarum
1639 1814 1707 1874 lite-

246 1937 352 1980 rarum
376 1937 474 1998 quam
497 1917 717 1979 studiosorum
740 1927 771 1978 et
795 1915 992 1978 eruditorum
1016 1929 1185 1990 amatores
1216 1936 1290 1978 cum
1315 1916 1374 1978 illis
1398 1913 1596 1979 Sublimitati
1619 1915 1706 1980 Suae

247 2023 344 2083 libros
367 2021 436 2084 illos
460 2024 589 2083 nomine
612 2033 669 2083 tuo
692 2020 791 2082 offere
815 2033 846 2082 et
870 2021 932 2081 hoc
955 2020 1107 2099 deinceps
1130 2019 1218 2100 apud
1242 2019 1456 2082 Serenitatem
1479 2020 1580 2084 Suam
1601 2041 1707 2104 agere,

247 2140 280 2188 ut
303 2137 335 2187 te
358 2144 417 2203 pro
441 2125 494 2186 tali
517 2124 606 2187 dono
629 2136 660 2187 et
684 2136 774 2185 tanto
798 2123 913 2185 debitis
937 2124 1122 2185 muneribus
1144 2124 1304 2186 honorare
1331 2136 1363 2186 et
1386 2144 1499 2186 ornare
1528 2146 1594 2187 non
1618 2125 1708 2188 dedi-

245 2240 404 2312 gnaretur,
428 2249 494 2309 quo
510 2240 542 2290 te
558 2230 705 2290 laborum
728 2240 759 2289 et
775 2228 952 2289 studiorum
969 2241 1098 2290 tuorum
1122 2248 1188 2294 non
1204 2231 1391 2308 poeniteret,
1416 2249 1499 2311 quos
1515 2249 1581 2291 non
1606 2231 1708 2292 modo

248 2334 368 2409 intuo,
398 2333 456 2394 sed
486 2335 583 2396 etiam
606 2335 637 2394 in
660 2333 789 2394 alterius
819 2352 917 2411 opere
947 2331 1145 2412 perficiundo
1168 2352 1234 2394 non
1259 2351 1375 2412 parvos
1398 2334 1593 2413 impendisti.
1624 2333 1707 2416 Eget

248 2456 366 2516 nempe
389 2439 535 2517 princeps
564 2450 675 2499 noster
696 2436 833 2509 stimulo,
864 2438 890 2496 si
920 2435 997 2516 quid
1028 2436 1150 2499 donare
1172 2437 1287 2512 debet;
1317 2457 1390 2500 raro
1419 2437 1540 2519 aliquid
1566 2441 1708 2519 cuipiam

250 2544 381 2621 proprio
404 2541 503 2603 ductu
526 2540 662 2622 largitur.
687 2539 911 2602 Gratissimum
935 2541 1010 2602 mihi
1033 2552 1127 2617 esset,
1150 2552 1186 2603 ut
1209 2543 1266 2603 tibi
1289 2561 1348 2620 pro
1371 2553 1461 2604 tanta
1484 2545 1516 2604 in
1540 2562 1593 2604 me
1610 2543 1709 2604 bene·

251 2646 388 2706 volentia
409 2655 441 2706 et
463 2664 520 2724 spe
543 2647 683 2724 reposita
706 2647 748 2705 ita
771 2646 802 2705 in
826 2647 960 2727 negotiis
991 2647 1052 2706 tuis
1075 2644 1272 2723 prodessem,
1296 2666 1362 2727 quo
1394 2649 1553 2709 amicitiae
1580 2659 1709 2709 nostrae

250 2751 460 2811 certissimum
477 2749 611 2810 fructum
627 2750 790 2827 percipere
806 2750 918 2826 possis.
941 2747 1040 2828 Quod
1062 2761 1170 2810 autem
1186 2749 1325 2811 mirificis
1347 2770 1399 2811 me
1422 2750 1574 2813 laudibus
1594 2754 1624 2812 in
1641 2770 1710 2812 car-

251 2855 390 2915 minibus
405 2855 467 2915 tuis
483 2853 586 2915 doctis
601 2852 758 2927 extuleris,
778 2852 809 2913 id
826 2852 975 2934 singulari
992 2854 1132 2932 quadam
1148 2864 1179 2915 et
1195 2856 1360 2917 exuberati
1376 2857 1494 2918 amoris
1509 2854 1710 2918 abundantia

251 2959 310 3020 abs
332 2968 364 3020 te
387 2958 563 3019 factitatum
586 2959 743 3018 existimo
768 2953 938 3018 Caeterum
961 2957 1024 3019 hoc
1047 2969 1078 3019 te
1100 2978 1201 3020 unum
1224 2978 1313 3042 rogo,
1336 2970 1371 3021 ut
1387 2959 1475 3038 apud
1498 2959 1653 3022 dominos
1668 2959 1711 3021 de

253 3063 438 3139 Hasisteyn,
469 3064 619 3142 quisunt
643 3060 797 3122 haeredes
820 3061 1032 3123 bibliothecae
1061 3063 1174 3140 optimi
1196 3061 1276 3125 illius
1300 3064 1466 3144 quondam
1489 3067 1584 3125 amici
1608 3067 1711 3126 nostri

252 3166 412 3240 Bobuslai,
447 3165 479 3227 id
500 3168 670 3246 impetrare
693 3184 791 3240 cures,
826 3176 860 3226 ut
884 3165 959 3226 mihi
983 3164 1024 3226 ad
1048 3185 1114 3228 non
1137 3167 1271 3249 longum
1294 3179 1422 3248 tempus
1453 3169 1553 3230 libros
1577 3167 1711 3251 Georgii

252 3270 455 3352 Trapezuntii
478 3268 573 3352 (quos
596 3272 718 3349 scripsit
740 3281 850 3333 contra
873 3269 1049 3350 Platonem,
1074 3270 1215 3333 divinum
1231 3269 1472 3356 philosophum)
1495 3274 1711 3336 commodare

251 3376 353 3439 velint
377 3375 436 3438 Est
459 3388 567 3438 autem
590 3373 668 3436 liber
680 3393 746 3436 non
770 3377 950 3455 impressus,
974 3373 1031 3437 sed
1054 3377 1198 3454 scriptus,
1221 3395 1319 3456 quem
1342 3379 1402 3439 sibi
1426 3377 1580 3439 Maiestas
1599 3379 1710 3459 Regia,

253 3480 331 3543 dum
355 3480 460 3542 adhuc
483 3481 513 3541 in
537 3482 622 3541 curia
652 3492 769 3562 ageret,
799 3499 873 3541 cum
897 3478 1056 3540 nonnullis
1082 3479 1150 3541 aliis
1173 3479 1259 3543 libris
1289 3481 1378 3544 dono
1402 3481 1544 3544 dederat.
1580 3481 1711 3544 Vellem

254 3585 339 3648 hunc
362 3603 424 3665 ego
448 3582 641 3664 descriptum
664 3583 791 3658 habere,
821 3595 853 3644 et
876 3602 972 3664 quam
997 3585 1136 3661 primum
1159 3584 1400 3660 describeretur,
1420 3586 1578 3665 polliceor
1601 3588 1712 3649 statim

254 3708 307 3751 me
330 3687 414 3750 illum
432 3689 555 3768 absque
579 3687 698 3749 damno
714 3707 771 3768 per
793 3700 913 3750 certum
933 3687 1097 3749 hominem
1112 3690 1188 3769 ipsis
1204 3689 1342 3752 dominis
1357 3692 1573 3754 remissurum.
1597 3691 1712 3753 Facies

255 3793 331 3854 mihi
354 3813 422 3854 rem
453 3795 675 3873 gratissimam,
703 3794 727 3853 si
758 3811 810 3853 me
839 3794 871 3852 in
902 3793 961 3853 hac
992 3811 1064 3853 mea
1094 3794 1247 3871 petitione
1269 3796 1335 3855 voti
1365 3805 1553 3875 compotem
1583 3794 1712 3857 reddes.

254 3897 426 3977 Reliquum
441 3908 497 3971 est,
514 3906 549 3958 ut
565 3898 621 3957 tibi
637 3896 839 3978 persuadeas,
856 3908 888 3958 te
911 3896 987 3957 mihi
1010 3915 1080 3957 esse
1096 3896 1325 3974 charissimum,
1345 3909 1377 3960 et
1400 3918 1440 3959 eo
1464 3902 1567 3982 magis
1590 3903 1622 3962 in
1644 3900 1713 3962 dies

254 4002 329 4077 iore,
354 4020 420 4082 quo
450 4012 482 4062 te
505 3999 758 4063 animadvertero
789 4020 860 4084 non
883 3999 1024 4062 oblivisci
1052 3999 1217 4063 Sslechtae
1239 4004 1291 4064 tui
1322 3999 1426 4083 Cupio
1456 4014 1488 4064 te
1512 4006 1637 4082 optime
1660 4025 1714 4066 va·

253 4107 326 4168 lere.
350 4104 433 4167 Data
458 4104 611 4169 Kostelec
633 4104 676 4166 ad
698 4103 808 4166 Albim
831 4103 962 4167 fluvium
984 4105 1012 4169 6.
1036 4104 1087 4166 Κ1.
1112 4105 1223 4180 Martii,
1246 4126 1332 4168 anno
1357 4107 1449 4170 1511.

341 4310 363 4363 Z
382 4310 447 4364 listu
470 4310 577 4363 naseho
595 4309 712 4378 vysvltin
731 4308 763 4362 ie
781 4308 900 4362 Sturnus
923 4309 989 4379 brzy
1012 4329 1048 4379 po
1067 4311 1145 4364 smrti
1165 4312 1359 4365 Bohuslavove
1381 4310 1491 4379 jakousi
1517 4312 1611 4366 sblrlru
1632 4313 1715 4367 basnl

255 4398 351 4465 svy‘ch,
377 4414 521 4450 nazvanou
546 4396 678 4459 Centum,
704 4396 770 4449 lrrali
790 4395 976 4450 Vladislavovi
996 4400 1121 4461 venoval
1138 4399 1182 4468 ale
1209 4397 1314 4467 tyrone
1336 4400 1459 4467 odmeny
1477 4401 1607 4464 nedoie13
1632 4411 1714 4469 proto

255 4485 330 4537 chtel
346 4484 367 4552 ji
381 4491 445 4551 nyni
460 4483 595 4536 olroieniti
615 4483 787 4552 epigrammy
802 4484 1045 4553 Bohuslavovymi.
1065 4471 1167 4539 Zadost
1181 4473 1331 4538 Sicchtova
1350 4503 1383 4538 za
1398 4485 1509 4553 pujdenl
1522 4487 1714 4555 rukopisneho

254 4572 310 4624 dila
333 4588 348 4623 z
373 4570 542 4638 bibliothtky
568 4570 761 4623 Hasisteinske
785 4571 851 4638 tyla
876 4588 905 4622 se
931 4572 1006 4639 spisu
1031 4573 1205 4641 povestnlho
1230 4573 1406 4626 dobrodruha
1430 4574 1552 4626 ieckeho
1578 4591 1613 4627 na
1640 4577 1714 4644 pude

254 4657 459 4712 humanisticlre
479 4658 564 4720 ltalie,
583 4658 670 4726 Jii‘lho
688 4658 933 4725 Trapezuntskeho
954 4660 1006 4724 (ale
1032 4676 1122 4712 naroz.
1144 4677 1179 4713 na
1198 4661 1300 4727 Kretd),
1325 4678 1342 4711 v
1361 4660 1442 4713 nemi
1468 4660 1635 4729 srovnavaje
1655 4663 1714 4716 Pla·

254 4755 321 4799 tona
346 4764 359 4798 s
378 4745 556 4799 Aristotelem
582 4762 685 4797 onomu
705 4744 821 4797 ulriivdil
840 4748 941 4812 (srovn.
963 4744 1054 4812 Voigt,
1074 4746 1328 4814 Wiederbelebung
1352 4749 1401 4800 der
1425 4748 1507 4801 class.
1526 4749 1713 4813 Alterthums,

254 4835 279 4886 2.
298 4831 369 4886 nufl.
389 4833 421 4893 ll,
443 4832 493 4884 138
511 4849 527 4884 a
546 4834 592 4897 n).
618 4832 677 4883 'sak
697 4830 764 4883 totil
783 4832 914 4899 smyllela
931 4833 1040 4886 versina
1058 4834 1213 4900 tehdejsich
1234 4835 1404 4897 humanistti,
1424 4853 1441 4885 v
1456 4835 1560 4902 jejichi
1580 4836 1640 4888 dele
1661 4838 1714 4890 stal

255 4920 379 4973 kardinal
399 4919 556 4980 Bessarion,
576 4919 653 4986 lrtery'
672 4919 818 4971 zvliltnim
838 4918 940 4987 spisem
962 4920 1005 4972 »in
1025 4921 1254 4974 calumniatorem
1274 4922 1412 4975 Platonis«
1432 4921 1529 4990 Jilimu
1549 4922 1716 4990 odpoveddl.

257 5007 299 5060 Na
316 5007 436 5075 podatlru
456 5005 520 5059 listu
539 5007 659 5073 dotdeny
677 5004 822 5058 bratranec
847 5006 900 5058 neb
919 5009 993 5074 stryc
1012 4994 1146 5061 Slechtfiv
1162 5008 1217 5075 jest
1236 5008 1339 5076 nejspis
1360 4996 1453 5061 l'iehol
1471 5025 1502 5060 ze
1522 5009 1644 5073 Viehrd,
1663 5010 1715 5079 pli·

252 5095 311 5162 jaty
335 5112 351 5147 a
375 5094 535 5163 plipusteny'
561 5092 735 5159 majestatem
761 5109 793 5145 ze
818 5093 872 5145 dne
895 5093 937 5145 22.
956 5110 1029 5161 pros.
1049 5094 1117 5146 1503
1141 5095 1219 5163 (nynl
1244 5113 1260 5147 v
1284 5095 1424 5148 mistodri.
1449 5096 1525 5148 arch.
1551 5096 1716 5165 Praisltem)

256 5182 272 5233 lr
297 5182 478 5250 spolednemu
505 5179 572 5232 erbu
600 5198 613 5231 s
639 5181 737 5249 Janem
765 5167 905 5243 Slechtou
934 5181 1119 5247 Augustinem
1147 5183 1351 5250 Olomouclry‘m
1377 5201 1393 5235 a
1416 5183 1515 5250 Janem
1541 5183 1715 5239 Vldlhrdlem

258 5267 444 5338 »patruelibus
463 5268 496 5319 de
516 5267 678 5320 Wssehrd‹.
