3660 5850
805 396 896 458 1497.
1541 402 1575 454 75
1613 386 1616 391 ’

124 614 315 693 processisse
332 615 413 681 novi,
430 633 494 675 non
511 624 544 676 ut
561 633 672 674 eorum
688 624 795 674 tamen
813 613 940 693 aliquid,
957 633 1039 693 quae
1054 614 1170 687 scribis
1187 614 1262 675 mihi
1278 617 1380 677 inesse
1396 616 1575 677 existimem

123 730 178 780 aut
189 737 335 800 arrogem
349 730 477 788 temere,
487 717 544 779 sed
555 720 609 797 qui
621 717 699 790 talis,
709 716 835 797 qualem
849 737 900 778 me
913 717 1086 797 praedicas,
1094 720 1220 796 cupiam
1233 718 1307 780 sore.
1316 718 1432 782 Vidict
1444 719 1575 781 alteram

124 821 281 902 lllajestati
299 820 417 903 Regiae
433 822 577 904 longiore
593 823 744 883 orationis
767 832 858 883 textu
882 821 1063 896 deductam,
1087 824 1118 882 in
1142 842 1205 902 qua
1227 841 1304 883 sane
1326 825 1401 884 satis
1416 842 1576 904 superque

123 926 275 997 ostendis,
299 928 426 1004 quantis
448 926 565 986 viribus
580 924 600 1007 ¹)
624 927 737 987 enixus
760 927 811 998 sis,
834 925 912 986 dum
936 927 1147 988 insinuatione
1170 926 1362 1006 plusquam
1387 926 1445 987 dici
1467 929 1576 1007 possit,

16 1076 21 1083 .
123 1032 279 1091 concinna
291 1040 322 1090 et
334 1040 409 1107 apta
421 1031 464 1090 ita
480 1029 610 1090 demum
626 1031 774 1090 interiora
789 1030 885 1103 subis,
902 1040 936 1090 ut
951 1032 1094 1091 animum
1109 1033 1185 1104 eius,
1200 1032 1250 1091 cui
1262 1031 1379 1106 scribis,
1394 1050 1461 1092 non
1477 1033 1539 1092 iarn
1550 1029 1576 1113 ⁹)

123 1144 252 1212 captare
274 1134 331 1194 sed
355 1133 508 1204 suffurari,
532 1145 566 1195 ut
589 1136 632 1195 ita
655 1133 768 1207 dicam,
792 1135 925 1196 videare.
950 1132 1035 1212 Quid
1060 1137 1144 1196 enirn
1168 1132 1228 1196 illic
1250 1136 1322 1213 (per
1345 1134 1425 1196 deos
1448 1137 1576 1196 immor-

123 1234 214 1319 tales)
237 1240 427 1300 ommissum
451 1238 515 1300 est?
538 1236 645 1316 Quam
667 1238 755 1313 lenis,
772 1238 851 1302 dum
873 1238 915 1300 ad
938 1239 1187 1318 pervincendum
1210 1238 1334 1300 aditum
1356 1240 1462 1318 parasl
1487 1238 1576 1318 Quas

123 1361 232 1403 rursus
261 1361 328 1402 non
356 1344 530 1404 sententias
561 1343 673 1416 vibras,
704 1362 776 1403 curn
806 1345 948 1403 animum
980 1354 1173 1423 occupatum
1206 1342 1349 1422 quodam
1381 1343 1481 1405 modo
1512 1346 1574 1405 iarn

124 1445 248 1506 detines
271 1464 336 1506 non
363 1445 479 1506 lascivo
503 1445 555 1506 illo
579 1445 703 1507 dicendi
735 1466 864 1527 genere,
892 1448 1011 1508 clumbi
1035 1446 1197 1528 fluxoque,
1228 1466 1265 1507 ac
1295 1444 1485 1529 punicaro,³)
1516 1449 1574 1509 sed

123 1552 217 1631 gravi,
241 1549 391 1611 modesto
416 1550 599 1629 decoroque
621 1562 718 1631 atque
744 1552 901 1632 aequabili
929 1572 1003 1613 curn
1032 1552 1185 1634 dignitate
1213 1562 1245 1612 et
1275 1552 1411 1613 honesta
1433 1552 1574 1632 quadarn

124 1653 181 1736 (sic
203 1657 290 1715 enim
313 1653 419 1715 dicere
441 1649 532 1735 libet)
563 1657 717 1716 orationis
748 1657 920 1723 maiestate,
953 1655 1042 1735 quod
1070 1659 1174 1734 ipsum
1205 1666 1299 1717 antea
1323 1655 1575 1718 Demosthenem

125 1758 254 1838 quidem
285 1757 372 1838 apud
395 1757 546 1831 Graecos,
577 1759 664 1839 apud
695 1759 829 1820 Latinos
852 1757 1040 1821 Ciceronem
1072 1763 1216 1838 apprime
1244 1759 1378 1842 legimus
1405 1772 1505 1841 atque
1532 1763 1576 1822 in-

124 1865 269 1924 venimus
291 1863 492 1941 praestitisse.
527 1861 592 1925 Sed
616 1883 656 1924 ne
686 1865 907 1925 assentationis
935 1866 1043 1924 vitium
1072 1865 1159 1942 apud
1191 1875 1231 1939 te,
1264 1867 1306 1926 mi
1335 1863 1501 1940 Bohusla'e,
1532 1867 1576 1926 in·

123 1985 256 2036 curram,
281 1967 369 2046 quod
385 1969 489 2045 ipsum
507 1978 541 2028 ut
556 1970 769 2046 perniciosum
785 1978 889 2030 tecum
906 1970 937 2028 in
954 1987 1127 2029 commune
1143 1969 1321 2043 abominor,
1344 1970 1408 2029 iam
1424 1968 1577 2048 epistolae

123 2071 196 2132 huic
212 2070 345 2131 modum
363 2072 528 2150 imponere
544 2073 670 2145 institui,
683 2082 713 2132 te
726 2073 769 2133 ob
782 2071 939 2152 perfectae
955 2073 1111 2134 amicitiae
1127 2083 1254 2134 nostrae
1271 2075 1318 2133 ius
1328 2067 1355 2154 ⁴)
1372 2073 1576 2147 obtestand0,

123 2193 165 2235 ne
190 2193 321 2236 munere
344 2176 405 2236 isto
428 2175 577 2237 divinitus
599 2176 655 2236 tibi
684 2175 801 2238 tradito
832 2176 927 2238 studii
960 2176 1083 2237 literarii
1114 2175 1249 2255 cupidos
1279 2178 1391 2254 prives,
1418 2175 1477 2237 sed
1507 2179 1576 2238 scri·

123 2277 232 2340 bendo
255 2298 383 2357 semper
405 2279 524 2360 aliquid
541 2281 596 2342 otii
612 2283 657 2342 tui
673 2279 790 2343 fructus
806 2283 1003 2363 gratissimos
1018 2280 1104 2341 hisce
1120 2282 1215 2341 etiam
1233 2282 1431 2358 temporibus
1447 2281 1575 2354 tribuas,

123 2393 158 2443 ut
182 2384 334 2444 omnibus
357 2383 508 2463 deinceps
532 2395 641 2464 pateat

376 2522 528 2586 Summos
552 2543 648 2602 posse
671 2526 755 2586 viros
778 2535 809 2586 et
832 2543 949 2606 magna
972 2524 1121 2603 exempla
1146 2523 1278 2585 daturos

374 2626 554 2688 Vervecum
578 2630 609 2688 in
633 2630 734 2706 patria
757 2648 930 2707 crassoque
955 2630 1015 2690 sub
1039 2637 1110 2689 a'ere
1135 2631 1229 2689 nasci.

123 2765 215 2839 Vale,
238 2768 280 2826 mi
304 2765 473 2828 Bolustae.
497 2767 616 2849 Pragae
638 2768 800 2829 celerrime
823 2769 872 2831 26.
896 2765 1012 2846 Aprilis
1035 2787 1121 2829 anno
1145 2765 1258 2830 Christi
1287 2768 1377 2831 1497.

212 2954 236 3006 V
254 2953 383 3022 rukopise
403 2953 641 3008 Klementinslrem
661 2955 680 3008 l.
700 2955 733 3009 D.
752 2954 769 3005 :t
788 2956 833 3007 rna
852 2954 897 3007 list
916 2963 993 3008 tento
1012 2955 1107 3008 datum
1126 2955 1168 3008 nl,
1187 2954 1289 3007 dubna.

826 3240 875 3303 63.

478 3375 697 3449 Bohuslav
720 3375 873 3470 Janovi
901 3401 924 3449 z
953 3375 1225 3450 Domaslavie.

211 3545 312 3614 (1497.)
331 3546 466 3615 Vyklddd,
485 3549 551 3616 prod
570 3565 600 3600 se
620 3548 709 3601 oestal
728 3548 872 3617 biskupem
892 3548 1104 3616 Olomouclry'm‚
1123 3564 1140 3600 a
1158 3547 1264 3599 odmltd
1277 3545 1407 3614 vdelijalre
1421 3545 1513 3614 vitlry,
1530 3545 1574 3613 jer

121 3633 159 3700 by
179 3634 216 3685 ho
234 3641 313 3701 proto
332 3634 428 3702 mohly
446 3633 591 3687 stibnouti.
610 3635 690 3702 (erp.
710 3636 799 3687 Klern.
818 3636 836 3686 1.
857 3635 890 3687 D.
909 3635 933 3686 3.
952 3635 998 3687 fol.
1017 3633 1129 3696 ‘el-30,
1149 3633 1301 3701 Vinaricky'
1319 3634 1373 3698 21.)

210 3809 390 3871 Bohuslaus
413 3811 454 3872 de
477 3810 672 3873 Loblcowicz
696 3824 726 3872 et
751 3811 922 3889 Ilasysteiu
943 3811 1058 3892 loanni
1082 3825 1141 3872 suo
1164 3810 1206 3871 de
1229 3809 1433 3871 Domaslavie
1456 3829 1480 3869 s.
1497 3827 1525 3886 p.
1543 3809 1574 3870 d.

120 3911 229 3996 Aegre
252 3925 283 3976 te
305 3916 348 3975 rei
371 3913 595 3977 Olomucensis
617 3927 766 3977 eventum
791 3916 869 3976 serre
892 3916 998 3988 audio,
1022 3915 1053 3976 id
1076 3925 1192 3987 autem,
1216 3924 1250 3975 ut
1266 3932 1328 3994 ego
1351 3913 1480 3986 arbiror,
1503 3931 1576 3974 mea

119 4019 231 4100 gratia,
258 4020 309 4080 cui
339 4038 413 4080 curn
442 4030 476 4080 tu
505 4038 547 4079 ex
577 4023 686 4082 animo
716 4021 800 4081 bene
827 4040 897 4082 esse
927 4020 1012 4089 velis,
1041 4020 1124 4080 male
1152 4030 1259 4079 actum
1282 4018 1454 4088 existimas
1485 4016 1575 4096 quod

120 4121 327 4200 pontificatus
350 4122 400 4184 ille
430 4133 556 4202 praeter
585 4143 676 4202 spem
706 4125 956 4203 opinionemque
989 4142 1120 4184 omnem
1149 4123 1200 4183 alii
1230 4122 1386 4202 obtigerit.
1425 4121 1576 4182 Fortasse

120 4226 219 4286 etiarn
242 4227 346 4287 varios
369 4226 537 4315 hominum
561 4229 760 4290 rumusculos
783 4229 981 4302 extimescis3
1005 4246 1110 4306 neque
1126 4227 1210 4286 enim
1226 4225 1291 4286 lieri
1308 4234 1424 4304 potest,
1448 4236 1482 4285 ut
1497 4223 1576 4285 haec

120 4349 189 4390 non
212 4332 432 4411 unusquisque
458 4351 518 4393 suo
549 4351 644 4393 sensu
668 4335 808 4410 accipiat,
839 4331 889 4392 hic
920 4351 972 4392 me
1000 4332 1142 4412 ignaviae
1172 4329 1407 4400 condemnabit,
1438 4329 1490 4407 qui
1514 4327 1577 4390 hoc

119 4436 269 4496 universo
293 4446 439 4515 ternpore
461 4437 504 4497 ita
528 4437 599 4510 vixi,
623 4439 712 4516 quasi
737 4435 908 4497 dormienti
932 4435 1007 4496 milri
1023 4434 1112 4496 Deus
1135 4436 1243 4495 omnia
1259 4432 1461 4494 confecturus
1476 4443 1576 4507 esset;

119 4537 202 4600 alius
224 4541 407 4619 superbiam
431 4559 538 4600 meam
559 4541 744 4613 criminabit,
767 4539 856 4620 quod
879 4539 957 4600 dum
981 4538 1056 4600 mihi
1079 4537 1167 4600 solus
1190 4556 1301 4617 sapere
1323 4536 1440 4610 videor,
1471 4555 1576 4616 neque

120 4662 189 4716 eoS,
212 4646 265 4722 qui
288 4645 320 4704 in
343 4645 471 4724 populis
494 4644 568 4705 clari
591 4644 805 4724 celebrarique
827 4655 910 4719 sunt,
941 4644 1054 4704 imitari
1081 4642 1164 4715 volo,
1195 4644 1338 4723 ingentes
1366 4658 1446 4718 opes
1469 4659 1487 4700 e
1510 4659 1577 4701 ma-

120 4748 217 4808 nibus
240 4746 369 4809 effluere
392 4767 507 4826 passus
530 4766 616 4822 sum,
639 4749 784 4827 plerique
807 4767 921 4809 omnes
944 4766 1044 4820 meos,
1068 4746 1184 4825 quibus
1207 4747 1238 4806 in
1262 4743 1378 4805 familia
1400 4763 1458 4804 sua
1473 4746 1577 4822 ponti·

121 4850 216 4912 ficem
239 4850 357 4913 habere
381 4852 493 4913 honori
525 4851 664 4913 futurum
693 4864 769 4926 erat,
800 4874 818 4912 a
842 4871 895 4913 me
924 4853 1035 4913 iniuria
1064 4849 1197 4911 affectos
1221 4849 1388 4927 putabunt,
1411 4847 1577 4928 multaque

217 5057 233 5126 ¹)
252 5058 276 5109 K
294 5056 408 5127 pliddvai
426 5056 460 5109 ad
479 5057 709 5126 persuadendum.

214 5145 233 5212 ⁷)
253 5146 275 5196 K
294 5153 360 5199 tam.

215 5231 235 5298 ³)
253 5233 327 5286 Soad
346 5232 480 5286 tunicato.

215 5319 234 5386 ⁴)
252 5319 276 5371 K
294 5337 342 5389 per
359 5328 474 5373 sanctae
493 5319 634 5373 amicitiae
653 5327 764 5372 nostrae
784 5318 826 5371 ius
846 5325 873 5370 et
892 5315 1063 5383 religionem.
