3660 5850
872 376 968 434 1500.
1591 381 1641 435 117

189 606 322 648 avorum
346 606 479 648 suorum
502 589 533 648 in
556 587 663 667 aliquo
687 590 727 649 sit
754 607 870 670 genere
901 587 1033 650 laudum
1064 609 1288 653 concessurus:
1321 594 1419 654 nostri
1450 613 1527 654 vero
1558 612 1647 672 prae-

189 692 267 772 sagii
291 710 446 773 magnum
469 693 532 752 iam
555 692 699 771 profecto
722 693 907 772 clarumque
923 695 1085 771 specimen
1103 695 1329 769 subministrat,
1352 699 1384 756 in
1400 695 1513 759 studiis
1529 698 1647 760 scilicet

189 795 434 857 humanioribus
457 795 530 857 nihil
554 815 595 857 eo
618 796 789 871 ardentius,
820 797 894 859 nihil
925 797 988 858 vidi
1021 801 1285 875 perseverantius:
1316 802 1458 861 animum
1486 801 1583 864 habet
1606 801 1648 863 ad

190 899 349 977 quaslibet
372 899 468 961 veluti
492 902 643 962 virtutum
666 900 785 962 formas
815 901 1031 979 capessendas
1061 921 1132 963 cera
1164 913 1196 964 et
1227 903 1366 964 auricula
1397 900 1499 986 (quod
1522 902 1648 987 dicitur)

189 1003 299 1064 infima
322 1003 518 1077 molliorem;
543 1006 723 1066 oratoribus
747 1004 882 1078 insudat,
905 1005 1053 1067 historias
1068 1006 1172 1079 volvit,
1195 1005 1367 1068 versiculos
1384 1008 1472 1082 ludit,
1496 1010 1647 1090 epistolas

167 1091 293 1188 ¹(quod
315 1128 388 1168 raro
410 1111 562 1187 cuiquam
585 1107 617 1168 id
640 1109 753 1170 aetatis
775 1105 942 1191 contingit)
965 1108 1110 1179 facunde,
1135 1110 1191 1171 sed
1215 1121 1247 1173 et
1270 1109 1366 1173 docte
1390 1109 1463 1193 (nec
1479 1116 1563 1174 enim
1579 1117 1647 1175 sine

189 1211 253 1273 hoc
274 1210 364 1293 illud)
387 1213 419 1274 in
442 1211 511 1274 dies
534 1213 676 1294 singulos
699 1213 814 1285 scribit,
847 1232 889 1274 ex
911 1214 1002 1275 cuius
1024 1233 1080 1275 ore
1105 1213 1272 1276 Musarum
1296 1213 1526 1297 Charitunrque
1550 1219 1646 1296 pleno

189 1314 284 1377 melle
308 1315 485 1394 Hymethio
508 1336 546 1377 ac
569 1317 657 1378 omni
680 1327 807 1378 nectare
831 1316 953 1379 dulcior
975 1315 1075 1380 effluit
1090 1320 1207 1379 oratio:
1231 1317 1346 1400 dignus
1363 1321 1393 1381 in
1409 1338 1537 1382 summa
1553 1319 1647 1404 (quo-

189 1421 275 1480 niam
299 1423 411 1483 messis
433 1420 628 1500 respondere
651 1432 797 1483 semento
813 1418 999 1503 consuevit),
1022 1424 1076 1501 qui
1092 1441 1134 1482 ex
1150 1433 1181 1482 te
1196 1441 1262 1484 uno
1278 1425 1466 1506 gigneretur.
1491 1425 1647 1488 Huiusce·

189 1522 279 1584 modi
301 1535 410 1586 autem
433 1536 482 1587 est
505 1523 668 1605 praeditus
692 1527 842 1598 moribus,
866 1536 900 1585 ut
922 1524 994 1586 illos
1016 1527 1055 1586 sit
1079 1524 1225 1586 admirari
1251 1545 1349 1605 quarn
1373 1527 1487 1588 referre
1512 1529 1645 1591 facilius:

189 1629 221 1689 in
245 1627 333 1689 viridi
355 1627 451 1708 plane
473 1649 512 1690 ac
535 1626 660 1690 florenti
683 1638 789 1690 aetate
812 1626 917 1691 senilis
941 1629 1101 1709 quaedam
1126 1631 1265 1691 canescit
1281 1632 1461 1691 maturitas:
1486 1632 1560 1694 nihil
1587 1644 1644 1707 est,

188 1731 278 1810 quod
301 1751 416 1793 aevum
439 1743 494 1794 aut
518 1732 640 1793 natales
665 1732 793 1794 Henrici
817 1751 1038 1794 connumeres.
1078 1732 1122 1795 llli
1152 1733 1311 1813 siquidem
1342 1736 1439 1795 virtus
1463 1735 1646 1798 antediem

187 1838 328 1918 contigit,
352 1855 410 1898 nec
433 1836 474 1898 de
497 1838 652 1917 quopiam
675 1838 778 1898 verius
802 1835 924 1899 dictum
947 1836 1018 1898 fuit:

422 1992 525 2056 »Ante
548 2013 652 2054 annos
674 1996 884 2074 animumque
907 2013 1022 2076 gerens
1045 2012 1222 2074 curamque
1245 1995 1390 2057 virilem«

188 2147 315 2227 Quodsi
351 2160 513 2228 superstes
549 2150 641 2211 fuerit
679 2152 856 2230 aetatisque
893 2169 1045 2212 numeros
1078 2146 1182 2231 (quod
1215 2150 1256 2212 illi
1288 2151 1372 2213 sinat
1401 2148 1502 2234 Deus)
1536 2152 1645 2232 imple-

187 2253 274 2326 verit,
303 2272 343 2313 eo
371 2253 586 2330 proculdubio
617 2252 844 2337 magnitudinis
872 2265 1000 2328 crescet,
1030 2266 1065 2316 ut
1095 2256 1225 2317 nomine
1251 2267 1283 2317 et
1312 2255 1412 2337 gloria
1435 2257 1476 2318 sit
1497 2267 1645 2319 aeternus

189 2355 327 2417 futurus:
351 2357 394 2417 ita
417 2349 502 2417 enim
525 2369 573 2419 est
595 2357 687 2432 altus,
712 2361 754 2418 ita
777 2357 940 2433 educatus,
962 2358 1006 2419 ita
1028 2357 1166 2439 denique
1190 2358 1331 2421 eruditus
1354 2372 1452 2440 atque
1475 2360 1645 2435 institutus,

188 2470 222 2521 ut
250 2461 281 2520 in
312 2480 352 2521 eo
384 2460 483 2523 dubia
518 2461 624 2541 palma
658 2464 738 2523 inter
771 2482 805 2523 se
838 2463 981 2542 probitas
1015 2475 1112 2542 atque
1145 2462 1288 2524 doctrina
1319 2474 1440 2525 certare
1469 2462 1644 2526 videantur.

189 2561 300 2624 Meum
322 2576 422 2626 testor
452 2566 482 2626 in
509 2575 540 2626 te
563 2568 706 2626 animum
736 2578 834 2645 atque
865 2565 962 2626 fidem
993 2566 1035 2627 nil
1066 2585 1117 2626 me
1146 2565 1232 2628 aliud
1256 2568 1400 2640 scribere,
1431 2586 1529 2647 quam
1553 2568 1642 2648 quod

187 2671 299 2741 senti0,
329 2688 426 2748 quam
450 2668 541 2749 quod
565 2672 714 2732 omnibus
738 2671 874 2751 vestigiis
890 2669 1077 2752 indagatum
1093 2682 1360 2751 compertumque
1381 2671 1501 2732 habeo:
1524 2672 1643 2751 promit

187 2792 226 2832 ea
249 2771 407 2835 duntaxat
423 2773 537 2855 lingua,
561 2793 644 2853 quae
660 2785 771 2851 peetus
794 2774 944 2835 conclusa
960 2774 1054 2855 gerit;
1078 2776 1217 2853 erumpit
1231 2792 1338 2835 sermo
1354 2775 1492 2835 veritatis
1507 2775 1643 2837 stimulis

188 2879 356 2952 excitatus,
378 2890 411 2939 et
440 2879 483 2939 ita
510 2880 656 2958 erumpit,
687 2890 722 2939 ut
751 2879 889 2940 coerceri
920 2881 1110 2959 reprimique
1139 2891 1293 2958 nequeat;
1329 2879 1403 2940 nihil
1433 2890 1539 2956 capto,
1569 2877 1643 2940 nihil

187 2983 306 3057 ambi0,
329 2983 372 3043 nil
395 2983 440 3042 tui
463 2980 650 3043 demerendi
672 2983 773 3065 gratia
795 2981 931 3062 profero,
955 2994 990 3044 ut
1013 2986 1068 3063 qui
1098 3003 1228 3066 graecas
1251 2983 1450 3045 adulationes
1481 3001 1644 3063 omneque

187 3084 272 3146 adeo
303 3083 493 3166 palpationis
521 3104 622 3167 genus
653 3086 737 3147 velut
767 3089 950 3148 intestinum
982 3086 1132 3148 morbum
1160 3105 1286 3166 semper
1313 3085 1472 3148 exhorrui.
1507 3084 1643 3148 lncredi-

187 3189 259 3251 bilis
281 3188 442 3269 quaedam
464 3189 612 3268 voluptas
635 3190 713 3251 haec
736 3190 811 3251 mihi
835 3209 877 3251 ex
900 3192 1013 3253 intimo
1044 3190 1149 3265 corde,
1178 3210 1220 3251 ex
1247 3209 1312 3265 ore,
1343 3209 1385 3251 ex
1415 3189 1538 3251 calamo
1563 3208 1642 3270 quo·

186 3293 366 3356 dammodo
390 3304 570 3373 extorquet.
608 3292 661 3354 Ad
685 3294 764 3355 haec
787 3297 884 3356 etiam
912 3293 1043 3369 accedit,
1071 3294 1159 3375 quod
1190 3295 1221 3355 in
1252 3294 1332 3356 illius
1362 3292 1643 3356 commendatione

187 3417 296 3460 meam
324 3397 564 3478 propemodum
594 3417 724 3460 causam
748 3417 818 3480 ag0.
858 3396 940 3460 Cum
971 3401 1055 3458 enim
1083 3401 1121 3459 sit
1149 3398 1300 3459 omnibus
1322 3397 1430 3476 palam
1453 3415 1506 3459 me
1529 3415 1643 3458 omnes

186 3504 404 3583 praeceptoris
434 3512 540 3581 partes
571 3503 601 3562 in
632 3521 672 3562 eo
703 3501 898 3564 instituendo
922 3502 1087 3583 diligenter
1110 3500 1296 3580 explevisse,
1324 3501 1398 3562 nihil
1421 3502 1552 3582 ambigo
1575 3502 1642 3563 eius

185 3607 320 3689 gloriam
344 3607 374 3666 in
398 3624 451 3666 me
474 3608 577 3685 ipsum
601 3625 732 3686 quoque
756 3605 944 3679 redundare,
968 3616 999 3668 et
1022 3626 1065 3668 ex
1087 3607 1150 3667 hoc
1173 3625 1250 3688 agro
1273 3607 1389 3666 nostris
1404 3604 1564 3687 ligonibus
1576 3615 1642 3666 tam

185 3710 327 3772 fertiliter
349 3707 478 3772 exculto
494 3711 647 3788 primitias
663 3712 787 3789 optimo
804 3710 879 3771 mihi
895 3712 962 3772 iure
977 3710 1095 3783 deberi,
1110 3711 1231 3789 quippe
1247 3714 1295 3783 (ut
1311 3709 1411 3788 inquit
1427 3707 1490 3788 ille)
1507 3726 1643 3770 morum,
1705 3718 1710 3727 '

186 3835 272 3896 quos
295 3813 376 3888 fecit,
400 3815 543 3892 praemia
573 3812 689 3875 doctor
713 3813 841 3895 'habet
863 3812 928 3876 Sed
951 3815 1054 3875 sentio
1076 3816 1184 3875 nescio
1208 3832 1273 3893 qua
1295 3811 1454 3873 scribendi
1476 3810 1643 3873 dulcedine

186 3939 241 3981 me
265 3918 391 4001 longius
420 3930 616 3997 provectum,
646 3936 744 3997 quam
768 3919 809 3978 ab
833 3919 921 3979 initio
944 3916 1154 3979 decreveram.
1186 3914 1321 3994 Suscipe
1343 3917 1436 3998 igitur
1458 3915 1555 3989 vultu,
1578 3935 1644 3995 quo

186 4036 218 4085 te
242 4021 344 4097 decet,
368 4021 431 4084 hoc
453 4031 500 4083 est
523 4021 612 4083 hilari
635 4031 666 4082 et
689 4041 812 4092 sereno,
836 4021 989 4101 quicquid
1012 4033 1060 4084 est
1083 4020 1146 4082 hoc
1162 4025 1223 4081 mei
1240 4021 1361 4082 foetus:
1384 4018 1477 4100 plura
1492 4019 1644 4098 deinceps

184 4139 218 4190 et
241 4127 349 4189 forsan
373 4127 505 4188 meliora
528 4106 747 4204 suscepturus,
765 4128 789 4187 si
815 4124 915 4187 modo
939 4125 1001 4187 hoc
1023 4127 1160 4203 primum
1184 4126 1274 4204 quasi
1290 4125 1452 4204 specimen
1468 4134 1499 4186 et
1515 4134 1643 4205 gustum

186 4229 353 4293 Musarum
378 4248 522 4292 mearum
545 4248 611 4291 non
633 4230 861 4309 aspemaberis.
885 4229 920 4291 ln
944 4247 1009 4309 quo
1029 4228 1169 4307 quidem,
1193 4229 1218 4289 si
1234 4228 1340 4288 minus
1355 4225 1495 4306 aliquam
1511 4227 1645 4310 gloriam
1684 4293 1686 4297 ,

186 4336 305 4417 ingenii
326 4351 516 4413 consequar,
548 4336 579 4394 in
603 4353 643 4394 eo
666 4345 751 4394 certe
774 4333 940 4407 laudabor,
971 4332 1061 4412 quod
1092 4350 1262 4393 munerum
1285 4333 1344 4393 abs
1367 4342 1398 4392 te
1421 4342 1645 4409 susceptorum

186 4458 254 4501 non
278 4439 391 4500 fuerim
406 4437 533 4512 oblitus,
550 4448 772 4517 quantumque
788 4437 863 4498 mihi
879 4436 999 4498 adimet
1014 4437 1143 4509 inscitia,
1167 4446 1292 4496 tantum
1308 4446 1484 4514 conspecta
1499 4436 1646 4496 resarciet

186 4544 296 4621 pietas.
334 4540 533 4613 Extremum,
565 4540 653 4621 quod
676 4553 708 4603 te
732 4560 851 4623 rogem,
875 4540 951 4602 illud
975 4551 1032 4613 est,
1056 4550 1099 4614 ut,
1122 4538 1255 4619 quando
1278 4537 1366 4620 apud
1389 4539 1524 4621 Regiam
1547 4535 1646 4599 Maie-

185 4656 302 4709 statem
333 4645 374 4707 de
405 4646 501 4707 nobis
531 4643 672 4706 inciderit
704 4647 824 4705 mentio
855 4641 984 4726 (incidet
1015 4655 1132 4718 autem,
1163 4661 1236 4705 cum
1269 4639 1426 4724 volueris),
1457 4660 1510 4702 me
1532 4642 1590 4715 his,
1621 4642 1646 4701 si

185 4749 317 4824 videtur,
341 4751 444 4811 verbis
466 4748 691 4811 commendes:
717 4747 836 4809 Balbus
859 4748 909 4809 hic
932 4759 1049 4821 noster,
1072 4747 1173 4809 homo
1197 4766 1255 4807 nec
1280 4746 1383 4808 malus
1406 4765 1466 4807 nec
1490 4746 1585 4826 plane
1601 4747 1646 4805 in·
1693 4735 1704 4751 ’

186 4854 311 4928 doctus,
339 4854 448 4914 omnia
479 4873 537 4915 sua
560 4853 665 4915 studia
689 4871 868 4932 omnesque
890 4853 985 4913 animi
1016 4870 1131 4913 nervos
1155 4854 1186 4912 in
1209 4863 1281 4913 tuas
1305 4850 1416 4912 laudes
1438 4850 1593 4911 convertit
1616 4859 1648 4910 et

186 4961 219 5020 in
251 4958 314 5020 hoc
344 4968 431 5019 totus
462 4958 611 5027 incubuit,
643 4967 677 5018 ut
707 4977 745 5017 ea
776 4956 817 5017 de
839 4968 871 5019 te
894 4957 1065 5034 praeconia
1089 4954 1189 5029 faciat,
1217 4974 1300 5035 quae
1325 4954 1410 5015 nulla
1433 4954 1646 5014 humanarum

186 5081 294 5124 rerum
325 5062 546 5135 vicissitudine,
576 5060 664 5122 nullo
695 5079 837 5140 unquam
867 5060 1012 5121 fortunae
1043 5061 1190 5120 variantis
1224 5062 1354 5138 impetu,
1389 5058 1475 5119 nulla
1509 5056 1647 5137 denique

186 5179 372 5247 temporum
395 5166 506 5227 iniuria
529 5164 711 5226 deleantur:
735 5163 851 5247 dignus
873 5163 922 5225 vel
946 5163 1008 5224 hoc
1031 5166 1101 5242 ipso
1125 5174 1252 5236 conatu,
1284 5174 1318 5224 ut
1342 5180 1416 5222 eum
1442 5180 1646 5242 nequaquam

188 5270 355 5351 despicias.
396 5269 486 5331 Haec
509 5270 543 5344 si,
574 5286 641 5348 quo
664 5267 757 5342 soles
787 5267 904 5329 affectu
935 5267 1111 5348 protuleris,
1138 5265 1267 5328 confido
1299 5267 1344 5327 sic
1374 5266 1483 5327 omnia
1505 5264 1548 5327 ad
1571 5276 1645 5326 vota
