3660 5850
776 395 868 459 1488·
1528 395 1545 447 9

95 611 264 672 nativitatis
280 612 427 691 proxima
442 613 630 692 presbyterii
646 613 873 675 sublimitatem
890 614 949 674 sim
967 622 1161 691 accepturus.
1184 610 1274 672 Deus
1291 613 1397 671 omnia
1413 619 1544 689 accepta

96 713 214 775 habere
240 715 321 776 velit.
356 715 421 778 Ubi
444 734 563 777 annum
594 717 785 778 residentiae
809 715 1019 795 complevero,
1046 717 1077 776 in
1112 717 1300 776 canonicatu
1332 715 1432 777 sancti
1461 714 1544 775 Petri

96 819 233 891 iunioris,
265 821 290 880 si
312 819 402 882 Deus
418 819 548 895 dederit,
572 821 753 903 theologiae
770 840 902 899 operam
918 820 1015 881 dabo
1038 819 1098 893 Tu,
1115 823 1239 900 siquae
1261 819 1412 899 reliquiae
1428 820 1545 880 amoris

94 921 181 1001 apud
198 933 229 984 te
253 933 388 986 restant:
412 924 488 1004 quid
505 944 695 1003 suspensum
711 935 810 1000 teneS,
834 926 882 986 fac
898 925 1076 1005 intelligam.
1101 925 1158 986 Per
1174 925 1423 1006 Nurenbergam,
1448 925 1472 985 si
1489 923 1545 984 tibi

94 1045 145 1086 res
168 1026 254 1087 cordi
278 1028 367 1103 soret,
390 1027 651 1090 commodissime
675 1031 798 1091 mittere
821 1049 943 1108 posses,
967 1040 1021 1091 aut
1045 1049 1101 1108 per
1124 1039 1247 1107 patrem
1268 1029 1426 1111 joannem
1450 1027 1545 1109 Nigri,

93 1131 232 1209 priorem
255 1131 511 1209 praedicatorum
527 1133 816 1212 Ratisponensium.
840 1134 947 1214 Quem
963 1154 1035 1196 curn
1051 1134 1166 1196 diebus
1189 1135 1405 1214 superioribus
1422 1131 1545 1213 Argen-

92 1235 177 1296 tinae
200 1240 429 1311 convenissem,
453 1237 609 1318 pollicitus
632 1251 680 1300 est
703 1258 834 1300 omnem
856 1259 892 1301 se
914 1258 1045 1320 operam
1068 1240 1225 1314 daturum,
1248 1250 1282 1301 ut
1302 1238 1344 1300 ad
1367 1257 1418 1299 me
1437 1237 1545 1298 literae

92 1351 167 1402 tuae
189 1341 353 1421 pervenire
377 1344 508 1420 possint.
532 1341 623 1404 Vale.
646 1342 697 1405 Ex
721 1342 897 1427 Argentina
919 1343 961 1405 ad
984 1342 1070 1406 XVI.
1103 1341 1174 1404 Kal.
1198 1342 1385 1405 Decembris
1408 1361 1427 1402 a
1451 1338 1547 1402 natali

93 1462 180 1506 anno
206 1444 299 1509 1482.

180 1632 241 1685 Kdo
259 1631 305 1702 byl
324 1634 459 1687 doruditel
479 1633 542 1688 listu
563 1636 615 1688 ›M.
629 1635 794 1689 Valentinus
812 1636 846 1689 de
860 1638 948 1690 Ponte
962 1636 1107 1699 nuncius«,
1127 1637 1246 1689 nevlme.
1266 1635 1341 1688 Snad
1360 1642 1390 1689 to
1408 1633 1455 1702 byl
1467 1632 1545 1703 posel

94 1735 130 1772 na
149 1717 241 1786 sjezde
262 1721 414 1784 Mostsliem
432 1721 457 1773 ·2.
477 1721 578 1775 kvetna
599 1722 666 1774 1482
683 1725 765 1790 (srov.
784 1723 904 1792 Palaely'
924 1723 1087 1791 V.‚1,⁶21‘2).
1106 1723 1229 1776 Knezcm
1244 1722 1296 1775 stal
1309 1740 1339 1773 se
1353 1722 1452 1774 Schott
1465 1720 1545 1789 podle

92 1805 334 1874 korrespondence
351 1807 417 1874 jeho
437 1826 453 1858 ν
466 1808 538 1861 ῑίνηέ
560 1808 627 1860 1183
645 1827 661 1861 a
680 1809 762 1862 tehol.
785 1810 853 1862 roku
872 1810 1056 1863 kanovnikem
1076 1828 1094 1862 u
1113 1827 1152 1862 sv.
1172 1811 1254 1862 Petra
1274 1809 1318 1861 ml.
1337 1826 1354 1859 v
1373 1794 1545 1861 Strasburlru.

91 1893 279 1946 Kanovnictvi
304 1894 402 1947 dosahl
426 1895 564 1962 resignacl
588 1896 694 1964 Jakuba
718 1897 837 1964 Hagena
855 1915 872 1949 v
882 1897 949 1964 jeho
974 1897 1110 1965 prospeclr
1135 1896 1305 1963 (Zeitschrift
1324 1895 1341 1947 f.
1361 1894 1444 1961 vergl.
1470 1894 1547 1947 Litt-

92 1980 196 2032 Gesch.
215 1981 248 2032 N.
268 1982 297 2033 F.
317 1981 370 2043 IV.,
383 1979 455 2047 447),
473 1982 559 2034 avsalr
572 1983 615 2035 dle
629 1983 768 2036 vlastnlho
780 1984 905 2052 pliznani
920 1990 927 2039 i
932 2002 949 2035 ν
962 1984 1023 2036 liste
1037 1983 1061 2036 -1,
1076 1983 1146 2050 lijna
1159 1983 1225 2035 1185
1245 1981 1416 2047 klllanliovi)
1429 1998 1446 2032 v
1458 1968 1546 2041 l'iirne,

94 2065 156 2118 »ubi
176 2065 290 2118 officina
309 2074 360 2129 est,
379 2067 407 2119 in
427 2085 480 2135 qua
498 2069 672 2136 praebendae
692 2071 855 2123 cuduntur‹.
888 2070 1035 2123 Ponevadi
1054 2071 1121 2122 vsalr
1141 2069 1245 2137 naroliy
1269 2085 1306 2121 na
1323 2067 1387 2122 toul
1406 2067 1547 2136 prebendu

91 2153 183 2205 zdvihl
204 2152 285 2221 jaky's
309 2154 461 2221 Engelhart
486 2156 573 2219 Funlr,
592 2173 647 2208 ano
672 2155 773 2210 citoval
800 2157 917 2210 Schotta
942 2159 978 2210 do
1006 2144 1093 2219 lilma,
1119 2157 1251 2225 vyllzena
1274 2159 1326 2209 vec
1351 2173 1386 2208 na
1411 2154 1546 2224 prospech

95 2240 234 2294 Schottbv
253 2249 331 2309 teprv
349 2258 370 2294 r.
391 2239 465 2294 1487.

809 2495 836 2556 7.

505 2630 724 2704 Bohuslav
753 2633 880 2704 Petru
910 2630 1141 2704 Schottovi.

183 2802 204 2856 Ζ
224 2799 380 2858 uastitatis
398 2803 490 2868 (1483)
511 2833 541 2840 -
562 2804 598 2859 10.
619 2803 714 2860 dubua.
735 2803 872 2856 Omlouvd
889 2821 929 2887 se,
949 2801 980 2854 ie
993 2801 1039 2854 tal<
1059 2801 1152 2854 zlidka
1171 2800 1250 2853 nudie
1270 2817 1316 2853 mu
1334 2800 1415 2868 psati,
1435 2799 1442 2851 l
1461 2799 1549 2867 posila

97 2905 143 2941 mu
164 2889 258 2957 darky.
277 2890 388 2954 (Schott
406 2889 424 2942 f.
443 2889 502 2941 itia
522 2914 554 2934 =
574 2891 643 2944 Luc.
662 2890 714 2955 51.)

179 3062 272 3125 Petro
289 3063 423 3129 Schotto
446 3087 469 3128 s.
486 3085 515 3145 p.
532 3065 562 3127 d.
579 3066 624 3129 Mi
640 3067 741 3141 irater,
758 3069 800 3127 mi
817 3068 918 3140 irater,
942 3069 984 3127 mi
1000 3066 1102 3138 frater,
1118 3084 1158 3125 ne
1174 3082 1371 3137 succenseas
1387 3064 1412 3123 si
1428 3063 1549 3124 tardius

95 3178 127 3227 et
151 3168 257 3240 rarius,
282 3189 380 3247 quam
403 3190 595 3248 speraveras,
627 3172 731 3233 literas
754 3171 879 3250 accipis
911 3190 1016 3252 neque
1039 3170 1156 3231 idcirco
1179 3172 1320 3230 animum
1345 3187 1452 3229 meum
1476 3187 1550 3250 erga

95 3280 127 3330 te
151 3281 309 3333 mutatum
333 3276 504 3348 existimes,
528 3294 633 3355 neque
657 3275 718 3335 hoc
741 3275 883 3355 ignaviae
905 3286 959 3335 aut
976 3274 1186 3355 negligentiae
1209 3292 1300 3333 meae
1316 3273 1469 3333 ascribas:
1493 3269 1550 3332 sed

96 3376 171 3451 quia
194 3388 248 3436 aut
271 3377 347 3439 nulli
370 3389 425 3440 aut
448 3399 545 3459 quam
570 3381 750 3457 paucissimi
774 3390 855 3452 sunt,
887 3381 940 3457 qui
965 3378 1035 3438 binc
1058 3377 1099 3438 ad
1122 3390 1154 3438 te
1178 3376 1424 3457 proficiscuntur.
1463 3374 1553 3436 Nun·

96 3496 194 3557 quarn
219 3482 302 3540 enim
327 3481 431 3561 aliqua
455 3484 501 3543 vis
524 3483 670 3544 fortunae
693 3494 781 3544 tanta
804 3485 868 3556 erit,
899 3494 934 3544 ut
956 3501 1008 3542 me
1031 3482 1089 3542 abs
1112 3493 1151 3555 te,
1179 3481 1292 3542 saltem
1322 3480 1438 3553 animo,
1461 3498 1552 3557 sepa·

95 3593 194 3656 raret;
218 3603 322 3663 neque
338 3585 412 3646 milii
433 3586 553 3665 aliquid
576 3589 695 3668 gratius
711 3586 853 3647 accidere
869 3598 983 3665 potest,
1006 3605 1104 3665 quani
1128 3597 1201 3647 tuae
1217 3584 1462 3646 iucundissimae
1477 3601 1552 3644 con-

96 3685 271 3750 suetudinis
295 3691 458 3751 reminisci.
482 3689 574 3769 Quae
590 3693 648 3752 etsi
666 3692 719 3752 tibi
736 3709 888 3769 persuasa
904 3709 974 3751 esse
994 3709 1059 3751 non
1076 3690 1199 3763 dubit0,
1223 3688 1361 3750 delectat
1376 3707 1428 3748 me
1444 3696 1551 3747 tamen

96 3788 138 3849 de
161 3789 209 3850 his
232 3791 327 3852 rebus
349 3794 495 3868 scribere,
528 3813 611 3873 quae
634 3794 675 3855 ad
699 3813 843 3855 amorem
865 3805 1010 3856 nostrum
1034 3792 1289 3855 confirmandum
1313 3795 1454 3853 maxime
1483 3811 1551 3869 per-

98 3896 206 3965 tinent,
230 3899 416 3973 praesertim
440 3917 514 3959 cum
538 3897 659 3960 nullum
682 3898 766 3960 aliud
789 3898 950 3959 scribendi
972 3919 1072 3981 genus
1095 3919 1129 3959 se
1152 3898 1229 3958 mihi
1251 3896 1373 3969 offerat,
1397 3897 1455 3957 nisi
1471 3895 1551 3955 sorte

97 3997 138 4059 de
160 3995 342 4059 valetudine
366 4019 439 4061 mea
462 4002 586 4064 edoceri
610 4005 706 4080 cupis,
729 4021 827 4083 qnam
850 4003 900 4064 vel
923 4021 966 4062 ex
989 4003 1052 4064 hoc
1075 4021 1271 4084 cognoscere
1294 4009 1396 4079 potes,
1419 4001 1493 4078 quia
1509 3998 1550 4059 ad

97 4112 129 4163 te
141 4102 254 4175 scrib0,
277 4102 366 4181 quod
383 4104 497 4166 infirmi
514 4106 616 4167 facere
632 4127 697 4167 non
717 4118 958 4168 consueverunt.
982 4106 1029 4167 Te
1052 4127 1181 4186 quoque
1197 4118 1229 4167 et
1245 4107 1352 4167 animo
1369 4114 1401 4165 et
1417 4122 1551 4180 corpore

97 4204 201 4266 valere
224 4217 303 4284 opto
327 4219 358 4270 et
383 4210 413 4268 in
437 4211 566 4289 pristina
589 4231 664 4293 erga
688 4231 740 4272 nie
755 4211 975 4272 benevolentia
992 4230 1200 4289 perseverare,
1223 4206 1459 4289 quodquidam
1477 4208 1551 4267 mihi

97 4320 146 4371 est
170 4310 385 4388 exploratum.
424 4312 508 4374 Nam
531 4334 633 4394 nuper
657 4318 807 4397 magister
831 4314 993 4396 Johannes
1027 4314 1144 4375 ordinis
1175 4312 1434 4374 Praedicatorum
1469 4312 1552 4390 prior

98 4412 342 4493 Ratisponensis
365 4416 406 4477 de
430 4429 486 4479 tuo
510 4420 541 4478 in
566 4438 617 4479 me
639 4420 754 4480 alsectu
779 4420 878 4480 multa
902 4418 976 4479 mihi
999 4419 1127 4498 scripsit.
1159 4416 1250 4479 Vale.
1286 4415 1379 4477 Mitto
1404 4416 1458 4475 tibi
1484 4434 1551 4475 rnu-

98 4520 240 4592 nuscula,
270 4539 354 4600 quae
384 4525 433 4582 lac
463 4534 554 4602 grato
588 4527 695 4584 animo
726 4526 886 4602 suscipias.
925 4523 975 4584 Ex
1011 4521 1232 4598 Hassensteyn
1266 4519 1317 4582 die
1354 4521 1401 4583 10.
1434 4518 1550 4597 Aprilis

98 4640 185 4682 anno
211 4623 303 4687 1487.

187 4791 248 4845 List
266 4800 343 4846 tento
370 4797 415 4848 ma
434 4813 468 4849 ve
487 4797 589 4864 vydanl
609 4798 737 4851 Mitisove
760 4798 855 4851 datum
876 4796 943 4849 1487
962 4796 1058 4864 zajiste
1082 4797 1244 4865 nespravne.
1276 4797 1306 4847 R.
1327 4793 1395 4846 1485
1420 4791 1551 4846 navstlvil

98 4878 240 4931 Bohuslav
259 4880 375 4934 Schotta
393 4900 410 4933 v
424 4868 598 4945 Strasburku,
616 4881 662 4950 jak
680 4883 772 4936 zlistu
792 4886 889 4937 tohoto
908 4885 924 4936 k
942 4885 1007 4937 Vltu
1026 4883 1157 4936 Malerovi
1176 4883 1200 4935 t.
1221 4883 1280 4935 Kal.
1300 4881 1400 4935 Octob.
1420 4879 1487 4931 ittet
1506 4896 1551 4947 vy·

98 4965 180 5018 avite.
200 4966 224 5018 Ο
242 4966 300 5019 teto
319 4968 450 5020 navsteve
471 4986 487 5019 v
500 4969 560 5023 uste
580 4974 677 5023 nasem
696 4971 761 5022 neni
780 4972 900 5040 zmlnliy.
920 4971 959 5025 Za
971 4979 1000 5023 to
1013 4972 1088 5039 pravi
1103 4969 1243 5023 Bohuslav
1262 4987 1280 5020 v
1292 4969 1356 5022 listu
1374 4967 1550 5021 lrSchottovi

101 5050 143 5104 10.
162 5068 245 5120 srpna
265 5052 331 5104 ltu?
351 5055 461 5117 danem,
481 5055 512 5108 ie
532 5057 567 5109 od
587 5059 644 5110 teto
663 5058 799 5126 navitevy
824 5067 902 5127 teprv
923 5059 1008 5126 jedno
1033 5058 1111 5126 psanl
1132 5075 1178 5110 mu
1197 5057 1293 5126 poslal‚
1320 5074 1353 5108 ve
1367 5055 1471 5108 kterem
1491 5062 1552 5107 stav

99 5138 193 5191 iivota
211 5140 298 5192 sveho
317 5142 455 5196 zevrubne
475 5145 579 5212 vypsal.
599 5144 699 5214 Kdyby
718 5145 812 5197 datum
833 5145 899 5196 liat
925 5146 988 5199 listu
1007 5146 1113 5198 naseho
1132 5144 1196 5212 bylo
1215 5144 1341 5212 spravne‚
1368 5143 1449 5195 musil
1468 5141 1504 5209 by
1522 5148 1551 5194 to

100 5224 160 5293 by'ti
179 5234 256 5279 tento
275 5227 333 5280 list:
352 5229 395 5281 ale
415 5230 508 5283 vlistu
528 5236 625 5284 nasein
645 5232 689 5284 nic
716 5232 883 5300 podobneho
907 5233 1130 5285 neshledavame.
1162 5231 1246 5283 l'odle
1271 5231 1352 5283 zditnl
1377 5230 1483 5282 naseho
1508 5227 1552 5279 list

101 5311 209 5380 nejlepe
227 5330 257 5365 se
277 5314 342 5367 hodi
361 5316 377 5368 1
396 5332 417 5369 r.
437 5315 511 5379 1483,
531 5318 675 5385 ponevadi
695 5336 712 5370 v
725 5323 789 5372 nem
806 5319 950 5371 ·Bohuslav
968 5320 1054 5388 pravi,
1073 5319 1105 5371 ie
1124 5322 1223 5387 plevor
1242 5305 1387 5384 liezensky
1404 5316 1455 5384 Jan
1474 5314 1552 5381 Nigri
