<?xml version="1.0" encoding="UTF-8"?>
<!DOCTYPE html PUBLIC "-//W3C//DTD XHTML 1.0 Transitional//EN"
    "http://www.w3.org/TR/xhtml1/DTD/xhtml1-transitional.dtd">
<html xmlns="http://www.w3.org/1999/xhtml" xml:lang="en" lang="en">
 <head>
  <title>
</title>
<meta http-equiv="Content-Type" content="text/html;charset=utf-8" />
  <meta name='ocr-system' content='tesseract 3.04.00' />
  <meta name='ocr-capabilities' content='ocr_page ocr_carea ocr_par ocr_line ocrx_word'/>
</head>
<body>
  <div class='ocr_page' id='page_1' title='image "./listbohuslavaha00truhgoog_0192.png"; bbox 0 0 3660 5850; ppageno 0'>
   <div class='ocr_carea' id='block_1_1' title="bbox 185 382 956 446">
    <p class='ocr_par' dir='ltr' id='par_1_1' title="bbox 185 382 956 446">
     <span class='ocr_line' id='line_1_1' title="bbox 185 382 956 446; baseline 0.005 -9"><span class='ocrx_word' id='word_1_1' title='bbox 185 382 236 438; x_wconf 99' lang='grc'>170</span> <span class='ocrx_word' id='word_1_2' title='bbox 413 436 415 440; x_wconf 89' lang='grc'>,</span> <span class='ocrx_word' id='word_1_3' title='bbox 862 382 956 446; x_wconf 81' lang='grc'><strong>1507.</strong></span> 
     </span>
    </p>
   </div>
   <div class='ocr_carea' id='block_1_2' title="bbox 182 597 1640 1308">
    <p class='ocr_par' dir='ltr' id='par_1_2' title="bbox 182 597 1640 1308">
     <span class='ocr_line' id='line_1_2' title="bbox 184 597 1640 682; baseline 0.003 -21"><span class='ocrx_word' id='word_1_4' title='bbox 184 610 306 661; x_wconf 90' lang='lat' dir='ltr'>tensem</span> <span class='ocrx_word' id='word_1_5' title='bbox 330 597 523 661; x_wconf 82' lang='lat' dir='ltr'>fortunatam</span> <span class='ocrx_word' id='word_1_6' title='bbox 546 618 672 674; x_wconf 89' lang='lat' dir='ltr'>censeo,</span> <span class='ocrx_word' id='word_1_7' title='bbox 706 617 789 678; x_wconf 89' lang='lat' dir='ltr'>quae</span> <span class='ocrx_word' id='word_1_8' title='bbox 811 618 862 661; x_wconf 90' lang='lat' dir='ltr'>res</span> <span class='ocrx_word' id='word_1_9' title='bbox 892 619 966 662; x_wconf 89' lang='lat' dir='ltr'>suas</span> <span class='ocrx_word' id='word_1_10' title='bbox 989 612 1063 664; x_wconf 88' lang='lat' dir='ltr'>tuae</span> <span class='ocrx_word' id='word_1_11' title='bbox 1093 600 1166 663; x_wconf 87' lang='lat' dir='ltr'>fidei</span> <span class='ocrx_word' id='word_1_12' title='bbox 1195 603 1440 682; x_wconf 90' lang='lat' dir='ltr'>patrocinioque</span> <span class='ocrx_word' id='word_1_13' title='bbox 1471 603 1640 665; x_wconf 73' lang='lat' dir='ltr'>commisit</span> 
     </span>
     <span class='ocr_line' id='line_1_3' title="bbox 185 702 1638 786; baseline 0.003 -23"><span class='ocrx_word' id='word_1_14' title='bbox 185 702 277 764; x_wconf 90' lang='lat' dir='ltr'>Haec</span> <span class='ocrx_word' id='word_1_15' title='bbox 300 702 341 764; x_wconf 88' lang='lat' dir='ltr'>ad</span> <span class='ocrx_word' id='word_1_16' title='bbox 365 715 396 765; x_wconf 91' lang='lat' dir='ltr'>te</span> <span class='ocrx_word' id='word_1_17' title='bbox 419 704 555 765; x_wconf 90' lang='lat' dir='ltr'>breviter</span> <span class='ocrx_word' id='word_1_18' title='bbox 576 704 787 785; x_wconf 80' lang='lat' dir='ltr'>perstringere</span> <span class='ocrx_word' id='word_1_19' title='bbox 809 703 912 779; x_wconf 93' lang='lat' dir='ltr'>libuit;</span> <span class='ocrx_word' id='word_1_20' title='bbox 935 706 1141 784; x_wconf 90' lang='lat' dir='ltr'>nequeenim</span> <span class='ocrx_word' id='word_1_21' title='bbox 1163 706 1245 767; x_wconf 82' lang='lat' dir='ltr'>serre</span> <span class='ocrx_word' id='word_1_22' title='bbox 1267 707 1358 786; x_wconf 92' lang='lat' dir='ltr'>potui</span> <span class='ocrx_word' id='word_1_23' title='bbox 1381 718 1414 768; x_wconf 89' lang='lat' dir='ltr'>te</span> <span class='ocrx_word' id='word_1_24' title='bbox 1437 707 1471 768; x_wconf 93' lang='lat' dir='ltr'>in</span> <span class='ocrx_word' id='word_1_25' title='bbox 1486 706 1551 769; x_wconf 93' lang='lat' dir='ltr'>hoc</span> <span class='ocrx_word' id='word_1_26' title='bbox 1569 707 1638 769; x_wconf 91' lang='lat' dir='ltr'>solo</span> 
     </span>
     <span class='ocr_line' id='line_1_4' title="bbox 185 802 1638 890; baseline 0.003 -23"><span class='ocrx_word' id='word_1_27' title='bbox 185 805 277 890; x_wconf 83' lang='lat' dir='ltr'>(pace</span> <span class='ocrx_word' id='word_1_28' title='bbox 300 815 354 867; x_wconf 89' lang='lat' dir='ltr'>tua</span> <span class='ocrx_word' id='word_1_29' title='bbox 377 802 525 887; x_wconf 85' lang='lat' dir='ltr'>dixerim)</span> <span class='ocrx_word' id='word_1_30' title='bbox 550 807 767 881; x_wconf 86' lang='lat' dir='ltr'>insanientem,</span> <span class='ocrx_word' id='word_1_31' title='bbox 794 806 883 888; x_wconf 91' lang='lat' dir='ltr'>quod</span> <span class='ocrx_word' id='word_1_32' title='bbox 907 817 938 868; x_wconf 92' lang='lat' dir='ltr'>te</span> <span class='ocrx_word' id='word_1_33' title='bbox 960 826 1035 870; x_wconf 88' lang='lat' dir='ltr'>cum</span> <span class='ocrx_word' id='word_1_34' title='bbox 1057 809 1176 870; x_wconf 91' lang='lat' dir='ltr'>insanis</span> <span class='ocrx_word' id='word_1_35' title='bbox 1198 811 1336 872; x_wconf 86' lang='lat' dir='ltr'>insanire</span> <span class='ocrx_word' id='word_1_36' title='bbox 1357 811 1480 885; x_wconf 88' lang='lat' dir='ltr'>scribis,</span> <span class='ocrx_word' id='word_1_37' title='bbox 1506 810 1638 890; x_wconf 91' lang='lat' dir='ltr'>quando</span> 
     </span>
     <span class='ocr_line' id='line_1_5' title="bbox 183 909 1639 996; baseline 0.004 -26"><span class='ocrx_word' id='word_1_38' title='bbox 183 913 291 990; x_wconf 87' lang='lat' dir='ltr'>potius</span> <span class='ocrx_word' id='word_1_39' title='bbox 313 909 456 971; x_wconf 84' lang='lat' dir='ltr'>medicus</span> <span class='ocrx_word' id='word_1_40' title='bbox 478 909 520 971; x_wconf 90' lang='lat' dir='ltr'>ad</span> <span class='ocrx_word' id='word_1_41' title='bbox 544 920 695 993; x_wconf 87' lang='lat' dir='ltr'>aegrotos</span> <span class='ocrx_word' id='word_1_42' title='bbox 718 910 880 989; x_wconf 80' lang='lat' dir='ltr'>proiectus</span> <span class='ocrx_word' id='word_1_43' title='bbox 901 931 944 987; x_wconf 90' lang='lat' dir='ltr'>es,</span> <span class='ocrx_word' id='word_1_44' title='bbox 976 921 1011 973; x_wconf 90' lang='lat' dir='ltr'>ut</span> <span class='ocrx_word' id='word_1_45' title='bbox 1034 931 1150 974; x_wconf 89' lang='lat' dir='ltr'>navare</span> <span class='ocrx_word' id='word_1_46' title='bbox 1172 912 1221 976; x_wconf 91' lang='lat' dir='ltr'>his</span> <span class='ocrx_word' id='word_1_47' title='bbox 1242 933 1377 993; x_wconf 86' lang='lat' dir='ltr'>operam</span> <span class='ocrx_word' id='word_1_48' title='bbox 1400 914 1639 996; x_wconf 86' lang='lat' dir='ltr'>valetudinique</span> 
     </span>
     <span class='ocr_line' id='line_1_6' title="bbox 184 1005 1639 1096; baseline 0.003 -20"><span class='ocrx_word' id='word_1_49' title='bbox 184 1005 296 1076; x_wconf 89' lang='lat' dir='ltr'>eorum</span> <span class='ocrx_word' id='word_1_50' title='bbox 324 1015 443 1076; x_wconf 85' lang='lat' dir='ltr'>mederi</span> <span class='ocrx_word' id='word_1_51' title='bbox 474 1016 588 1091; x_wconf 88' lang='lat' dir='ltr'>possis.</span> <span class='ocrx_word' id='word_1_52' title='bbox 619 1013 717 1077; x_wconf 90' lang='lat' dir='ltr'>Malui</span> <span class='ocrx_word' id='word_1_53' title='bbox 748 1018 853 1089; x_wconf 91' lang='lat' dir='ltr'>etiam,</span> <span class='ocrx_word' id='word_1_54' title='bbox 884 1018 1037 1096; x_wconf 91' lang='lat' dir='ltr'>quoniam</span> <span class='ocrx_word' id='word_1_55' title='bbox 1068 1035 1120 1077; x_wconf 89' lang='lat' dir='ltr'>me</span> <span class='ocrx_word' id='word_1_56' title='bbox 1142 1026 1232 1079; x_wconf 91' lang='lat' dir='ltr'>vetas</span> <span class='ocrx_word' id='word_1_57' title='bbox 1254 1016 1295 1078; x_wconf 91' lang='lat' dir='ltr'>de</span> <span class='ocrx_word' id='word_1_58' title='bbox 1318 1038 1353 1080; x_wconf 90' lang='lat' dir='ltr'>re</span> <span class='ocrx_word' id='word_1_59' title='bbox 1375 1019 1512 1082; x_wconf 89' lang='lat' dir='ltr'>literaria</span> <span class='ocrx_word' id='word_1_60' title='bbox 1542 1019 1587 1081; x_wconf 91' lang='lat' dir='ltr'>ad</span> <span class='ocrx_word' id='word_1_61' title='bbox 1608 1030 1639 1081; x_wconf 91' lang='lat' dir='ltr'>te</span> 
     </span>
     <span class='ocr_line' id='line_1_7' title="bbox 183 1118 1640 1207; baseline 0.003 -26"><span class='ocrx_word' id='word_1_62' title='bbox 183 1119 329 1194; x_wconf 90' lang='lat' dir='ltr'>scribere,</span> <span class='ocrx_word' id='word_1_63' title='bbox 352 1138 471 1180; x_wconf 88' lang='lat' dir='ltr'>novum</span> <span class='ocrx_word' id='word_1_64' title='bbox 496 1118 558 1180; x_wconf 95' lang='lat' dir='ltr'>hoc</span> <span class='ocrx_word' id='word_1_65' title='bbox 581 1129 613 1181; x_wconf 88' lang='lat' dir='ltr'>et</span> <span class='ocrx_word' id='word_1_66' title='bbox 629 1120 710 1180; x_wconf 88' lang='lat' dir='ltr'>inter</span> <span class='ocrx_word' id='word_1_67' title='bbox 732 1139 794 1181; x_wconf 94' lang='lat' dir='ltr'>nos</span> <span class='ocrx_word' id='word_1_68' title='bbox 813 1121 943 1182; x_wconf 89' lang='lat' dir='ltr'>minime</span> <span class='ocrx_word' id='word_1_69' title='bbox 966 1119 1202 1202; x_wconf 88' lang='lat' dir='ltr'>frequentatum</span> <span class='ocrx_word' id='word_1_70' title='bbox 1216 1122 1423 1201; x_wconf 84' lang='lat' dir='ltr'>epistolarum</span> <span class='ocrx_word' id='word_1_71' title='bbox 1447 1142 1553 1207; x_wconf 86' lang='lat' dir='ltr'>genus</span> <span class='ocrx_word' id='word_1_72' title='bbox 1568 1126 1640 1185; x_wconf 86' lang='lat' dir='ltr'>arri·</span> 
     </span>
     <span class='ocr_line' id='line_1_8' title="bbox 182 1222 1640 1308; baseline 0.004 -25"><span class='ocrx_word' id='word_1_73' title='bbox 182 1242 258 1304; x_wconf 89' lang='lat' dir='ltr'>pere</span> <span class='ocrx_word' id='word_1_74' title='bbox 281 1242 379 1305; x_wconf 90' lang='lat' dir='ltr'>quam</span> <span class='ocrx_word' id='word_1_75' title='bbox 402 1234 514 1285; x_wconf 89' lang='lat' dir='ltr'>tacere.</span> <span class='ocrx_word' id='word_1_76' title='bbox 547 1222 635 1297; x_wconf 87' lang='lat' dir='ltr'>Vale,</span> <span class='ocrx_word' id='word_1_77' title='bbox 659 1225 844 1286; x_wconf 85' lang='lat' dir='ltr'>suavissime</span> <span class='ocrx_word' id='word_1_78' title='bbox 867 1227 910 1286; x_wconf 91' lang='lat' dir='ltr'>mi</span> <span class='ocrx_word' id='word_1_79' title='bbox 933 1224 1125 1299; x_wconf 89' lang='lat' dir='ltr'>Bernharde,</span> <span class='ocrx_word' id='word_1_80' title='bbox 1154 1236 1186 1288; x_wconf 91' lang='lat' dir='ltr'>et</span> <span class='ocrx_word' id='word_1_81' title='bbox 1208 1245 1293 1306; x_wconf 90' lang='lat' dir='ltr'>quae</span> <span class='ocrx_word' id='word_1_82' title='bbox 1315 1229 1346 1288; x_wconf 95' lang='lat' dir='ltr'>in</span> <span class='ocrx_word' id='word_1_83' title='bbox 1369 1239 1534 1308; x_wconf 82' lang='lat' dir='ltr'>conventu</span> <span class='ocrx_word' id='word_1_84' title='bbox 1556 1225 1640 1291; x_wconf 86' lang='lat' dir='ltr'>Con-</span> 
     </span>
    </p>
   </div>
   <div class='ocr_carea' id='block_1_3' title="bbox 184 1327 1640 1498">
    <p class='ocr_par' dir='ltr' id='par_1_3' title="bbox 184 1327 1640 1498">
     <span class='ocr_line' id='line_1_9' title="bbox 184 1327 1640 1410; baseline 0.003 -21"><span class='ocrx_word' id='word_1_85' title='bbox 184 1331 347 1390; x_wconf 91' lang='lat' dir='ltr'>stantiensi</span> <span class='ocrx_word' id='word_1_86' title='bbox 371 1327 498 1390; x_wconf 88' lang='lat' dir='ltr'>decreta</span> <span class='ocrx_word' id='word_1_87' title='bbox 522 1340 604 1403; x_wconf 93' lang='lat' dir='ltr'>sunt,</span> <span class='ocrx_word' id='word_1_88' title='bbox 631 1328 727 1391; x_wconf 81' lang='lat' dir='ltr'>facito</span> <span class='ocrx_word' id='word_1_89' title='bbox 750 1348 802 1392; x_wconf 91' lang='lat' dir='ltr'>me</span> <span class='ocrx_word' id='word_1_90' title='bbox 825 1330 999 1391; x_wconf 86' lang='lat' dir='ltr'>certiorem.</span> <span class='ocrx_word' id='word_1_91' title='bbox 1030 1328 1134 1392; x_wconf 89' lang='lat' dir='ltr'>Datae</span> <span class='ocrx_word' id='word_1_92' title='bbox 1158 1329 1422 1410; x_wconf 86' lang='lat' dir='ltr'>Hassensteynae</span> <span class='ocrx_word' id='word_1_93' title='bbox 1448 1333 1497 1395; x_wconf 78' lang='lat'>12.</span> <span class='ocrx_word' id='word_1_94' title='bbox 1521 1332 1640 1394; x_wconf 85' lang='lat' dir='ltr'>mensis</span> 
     </span>
     <span class='ocr_line' id='line_1_10' title="bbox 185 1431 649 1498; baseline 0 -4"><span class='ocrx_word' id='word_1_95' title='bbox 185 1433 268 1495; x_wconf 83' lang='lat' dir='ltr'>lllaii.</span> <span class='ocrx_word' id='word_1_96' title='bbox 292 1431 389 1495; x_wconf 90' lang='lat' dir='ltr'>Anno</span> <span class='ocrx_word' id='word_1_97' title='bbox 412 1435 532 1496; x_wconf 92' lang='lat' dir='ltr'>domini</span> <span class='ocrx_word' id='word_1_98' title='bbox 559 1431 649 1498; x_wconf 79' lang='lat'>1507.</span> 
     </span>
    </p>
   </div>
   <div class='ocr_carea' id='block_1_4' title="bbox 183 1609 1642 1861">
    <p class='ocr_par' dir='ltr' id='par_1_4' title="bbox 183 1609 1642 1861">
     <span class='ocr_line' id='line_1_11' title="bbox 271 1609 1642 1692; baseline 0.003 -20"><span class='ocrx_word' id='word_1_99' title='bbox 271 1609 370 1688; x_wconf 68' lang='lat' dir='ltr'>llisslrv</span> <span class='ocrx_word' id='word_1_100' title='bbox 393 1623 473 1674; x_wconf 72' lang='lat' dir='ltr'>suem</span> <span class='ocrx_word' id='word_1_101' title='bbox 493 1638 510 1672; x_wconf 94' lang='lat' dir='ltr'>v</span> <span class='ocrx_word' id='word_1_102' title='bbox 528 1619 654 1674; x_wconf 88' lang='lat' dir='ltr'>Kostniei</span> <span class='ocrx_word' id='word_1_103' title='bbox 677 1619 793 1688; x_wconf 73' lang='lat' dir='ltr'>zahdjen</span> <span class='ocrx_word' id='word_1_104' title='bbox 818 1620 864 1689; x_wconf 90' lang='lat' dir='ltr'>byl</span> <span class='ocrx_word' id='word_1_105' title='bbox 887 1621 923 1674; x_wconf 82' lang='grc'><strong>1111</strong></span> <span class='ocrx_word' id='word_1_106' title='bbox 946 1621 1028 1675; x_wconf 90' lang='lat' dir='ltr'>konci</span> <span class='ocrx_word' id='word_1_107' title='bbox 1054 1621 1158 1675; x_wconf 73' lang='grc'><strong>11111111</strong></span> <span class='ocrx_word' id='word_1_108' title='bbox 1180 1620 1274 1676; x_wconf 86' lang='lat' dir='ltr'>dubna</span> <span class='ocrx_word' id='word_1_109' title='bbox 1292 1620 1368 1686; x_wconf 77' lang='lat'>1507,</span> <span class='ocrx_word' id='word_1_110' title='bbox 1389 1621 1397 1675; x_wconf 95' lang='lat' dir='ltr'>i</span> <span class='ocrx_word' id='word_1_111' title='bbox 1415 1623 1587 1692; x_wconf 78' lang='lat' dir='ltr'>vyhledavat</span> <span class='ocrx_word' id='word_1_112' title='bbox 1606 1639 1642 1676; x_wconf 86' lang='lat' dir='ltr'>na</span> 
     </span>
     <span class='ocr_line' id='line_1_12' title="bbox 183 1707 1641 1777; baseline 0.001 -17"><span class='ocrx_word' id='word_1_113' title='bbox 183 1712 247 1761; x_wconf 75' lang='grc'><strong>111111</strong></span> <span class='ocrx_word' id='word_1_114' title='bbox 267 1707 435 1761; x_wconf 87' lang='lat' dir='ltr'>llaximilian</span> <span class='ocrx_word' id='word_1_115' title='bbox 460 1707 542 1776; x_wconf 84' lang='lat' dir='ltr'>plede</span> <span class='ocrx_word' id='word_1_116' title='bbox 562 1708 634 1760; x_wconf 73' lang='lat' dir='ltr'>vslm</span> <span class='ocrx_word' id='word_1_117' title='bbox 659 1707 770 1776; x_wconf 91' lang='lat' dir='ltr'>pornoci</span> <span class='ocrx_word' id='word_1_118' title='bbox 789 1725 806 1759; x_wconf 92' lang='lat' dir='ltr'>v</span> <span class='ocrx_word' id='word_1_119' title='bbox 824 1707 986 1775; x_wconf 66' lang='lat' dir='ltr'>zapletldch</span> <span class='ocrx_word' id='word_1_120' title='bbox 1012 1707 1148 1777; x_wconf 72' lang='lat' dir='ltr'>italslych</span> <span class='ocrx_word' id='word_1_121' title='bbox 1168 1709 1268 1777; x_wconf 88' lang='lat' dir='ltr'>(Prutz,</span> <span class='ocrx_word' id='word_1_122' title='bbox 1288 1707 1574 1776; x_wconf 75' lang='lat' dir='ltr'>Stantengeschichte</span> <span class='ocrx_word' id='word_1_123' title='bbox 1593 1711 1641 1764; x_wconf 90' lang='lat' dir='ltr'>des</span> 
     </span>
     <span class='ocr_line' id='line_1_13' title="bbox 184 1793 877 1861; baseline -0.003 -12"><span class='ocrx_word' id='word_1_124' title='bbox 184 1795 379 1849; x_wconf 80' lang='lat' dir='ltr'>ubendlandes</span> <span class='ocrx_word' id='word_1_125' title='bbox 397 1794 425 1847; x_wconf 93' lang='lat' dir='ltr'>in</span> <span class='ocrx_word' id='word_1_126' title='bbox 445 1794 611 1856; x_wconf 86' lang='lat' dir='ltr'>Mittelalter,</span> <span class='ocrx_word' id='word_1_127' title='bbox 631 1812 671 1847; x_wconf 89' lang='lat' dir='ltr'>sv.</span> <span class='ocrx_word' id='word_1_128' title='bbox 690 1795 722 1857; x_wconf 96' lang='lat' dir='ltr'>lI,</span> <span class='ocrx_word' id='word_1_129' title='bbox 741 1801 788 1848; x_wconf 89' lang='lat' dir='ltr'>str.</span> <span class='ocrx_word' id='word_1_130' title='bbox 808 1793 877 1861; x_wconf 76' lang='lat'><strong>724).</strong></span> 
     </span>
    </p>
   </div>
   <div class='ocr_carea' id='block_1_5' title="bbox 882 2094 950 2159">
    <p class='ocr_par' dir='ltr' id='par_1_5' title="bbox 882 2094 950 2159">
     <span class='ocr_line' id='line_1_14' title="bbox 882 2094 950 2159; baseline -0.029 -1"><span class='ocrx_word' id='word_1_131' title='bbox 882 2094 950 2159; x_wconf 85' lang='lat'>140.</span> 
     </span>
    </p>
   </div>
   <div class='ocr_carea' id='block_1_6' title="bbox 489 2247 1338 2324">
    <p class='ocr_par' dir='ltr' id='par_1_6' title="bbox 489 2247 1338 2324">
     <span class='ocr_line' id='line_1_15' title="bbox 489 2247 1338 2324; baseline 0.001 -2"><span class='ocrx_word' id='word_1_132' title='bbox 489 2249 709 2324; x_wconf 86' lang='lat' dir='ltr'>Bohuslav</span> <span class='ocrx_word' id='word_1_133' title='bbox 736 2249 985 2323; x_wconf 89' lang='lat' dir='ltr'>Bernhardu</span> <span class='ocrx_word' id='word_1_134' title='bbox 1014 2247 1338 2324; x_wconf 89' lang='lat' dir='ltr'>Adelmannovi.</span> 
     </span>
    </p>
   </div>
   <div class='ocr_carea' id='block_1_7' title="bbox 187 2437 1647 2683">
    <p class='ocr_par' dir='ltr' id='par_1_7' title="bbox 187 2437 1647 2683">
     <span class='ocr_line' id='line_1_16' title="bbox 273 2437 1646 2509; baseline 0 -15"><span class='ocrx_word' id='word_1_135' title='bbox 273 2437 293 2494; x_wconf 87' lang='grc' dir='ltr'><strong>Ζ</strong></span> <span class='ocrx_word' id='word_1_136' title='bbox 313 2437 465 2496; x_wconf 67' lang='grc' dir='ltr'><strong>11αεί1111111</strong></span> <span class='ocrx_word' id='word_1_137' title='bbox 483 2440 575 2505; x_wconf 88' lang='grc' dir='ltr'><strong>(Ιὸ07)</strong></span> <span class='ocrx_word' id='word_1_138' title='bbox 595 2469 626 2478; x_wconf 91' lang='grc'>-</span> <span class='ocrx_word' id='word_1_139' title='bbox 646 2441 683 2496; x_wconf 82' lang='grc'>14.</span> <span class='ocrx_word' id='word_1_140' title='bbox 702 2437 809 2496; x_wconf 72' lang='lat' dir='ltr'>detrun.</span> <span class='ocrx_word' id='word_1_141' title='bbox 829 2437 979 2507; x_wconf 88' lang='lat' dir='ltr'>Vyslovuje</span> <span class='ocrx_word' id='word_1_142' title='bbox 998 2438 1104 2491; x_wconf 80' lang='grc' dir='ltr'><strong>1111ῃέ111</strong></span> <span class='ocrx_word' id='word_1_143' title='bbox 1122 2438 1170 2491; x_wconf 72' lang='lat' dir='ltr'>sve</span> <span class='ocrx_word' id='word_1_144' title='bbox 1190 2456 1206 2491; x_wconf 95' lang='lat' dir='ltr'>o</span> <span class='ocrx_word' id='word_1_145' title='bbox 1225 2439 1335 2509; x_wconf 83' lang='lat' dir='ltr'>t&#39;imyslu</span> <span class='ocrx_word' id='word_1_146' title='bbox 1352 2438 1505 2509; x_wconf 67' lang='lat' dir='ltr'>papeiove,</span> <span class='ocrx_word' id='word_1_147' title='bbox 1525 2458 1544 2494; x_wconf 91' lang='grc' dir='ltr'><strong>ο</strong></span> <span class='ocrx_word' id='word_1_148' title='bbox 1563 2439 1646 2494; x_wconf 68' lang='lat' dir='ltr'>nemi</span> 
     </span>
     <span class='ocr_line' id='line_1_17' title="bbox 187 2523 1647 2595; baseline 0.002 -17"><span class='ocrx_word' id='word_1_149' title='bbox 187 2543 217 2578; x_wconf 87' lang='lat' dir='ltr'>se</span> <span class='ocrx_word' id='word_1_150' title='bbox 236 2526 344 2579; x_wconf 74' lang='lat' dir='ltr'>tenlrrat</span> <span class='ocrx_word' id='word_1_151' title='bbox 362 2525 546 2595; x_wconf 70' lang='lat' dir='ltr'>proslychalo,</span> <span class='ocrx_word' id='word_1_152' title='bbox 565 2524 618 2593; x_wconf 89' lang='lat' dir='ltr'>aby</span> <span class='ocrx_word' id='word_1_153' title='bbox 637 2525 757 2577; x_wconf 91' lang='lat' dir='ltr'>hodnost</span> <span class='ocrx_word' id='word_1_154' title='bbox 776 2524 898 2578; x_wconf 72' lang='lat' dir='ltr'>cisalslri</span> <span class='ocrx_word' id='word_1_155' title='bbox 916 2528 1070 2594; x_wconf 82' lang='lat' dir='ltr'>plenesena</span> <span class='ocrx_word' id='word_1_156' title='bbox 1087 2523 1152 2595; x_wconf 87' lang='lat' dir='ltr'>byla</span> <span class='ocrx_word' id='word_1_157' title='bbox 1170 2542 1207 2579; x_wconf 86' lang='lat' dir='ltr'>na</span> <span class='ocrx_word' id='word_1_158' title='bbox 1225 2525 1299 2579; x_wconf 71' lang='lat' dir='ltr'>krdle</span> <span class='ocrx_word' id='word_1_159' title='bbox 1318 2525 1561 2592; x_wconf 71' lang='lat' dir='ltr'>uancouzskth03</span> <span class='ocrx_word' id='word_1_160' title='bbox 1580 2527 1647 2581; x_wconf 71' lang='lat' dir='ltr'>tart</span> 
     </span>
     <span class='ocr_line' id='line_1_18' title="bbox 187 2610 1569 2683; baseline 0.003 -19"><span class='ocrx_word' id='word_1_161' title='bbox 187 2612 318 2683; x_wconf 71' lang='lat' dir='ltr'>podinitnl</span> <span class='ocrx_word' id='word_1_162' title='bbox 336 2611 477 2681; x_wconf 78' lang='lat' dir='ltr'>papeiovo</span> <span class='ocrx_word' id='word_1_163' title='bbox 497 2611 505 2664; x_wconf 97' lang='lat' dir='ltr'>i</span> <span class='ocrx_word' id='word_1_164' title='bbox 524 2610 579 2679; x_wconf 89' lang='lat' dir='ltr'>bojl</span> <span class='ocrx_word' id='word_1_165' title='bbox 598 2629 628 2665; x_wconf 87' lang='lat' dir='ltr'>se</span> <span class='ocrx_word' id='word_1_166' title='bbox 647 2628 662 2664; x_wconf 90' lang='lat' dir='ltr'>z</span> <span class='ocrx_word' id='word_1_167' title='bbox 680 2613 755 2665; x_wconf 73' lang='lat' dir='ltr'>nebo</span> <span class='ocrx_word' id='word_1_168' title='bbox 773 2612 845 2665; x_wconf 80' lang='grc' dir='ltr'><strong>111νέ</strong></span> <span class='ocrx_word' id='word_1_169' title='bbox 863 2611 990 2682; x_wconf 77' lang='lat' dir='ltr'>roztrilry</span> <span class='ocrx_word' id='word_1_170' title='bbox 1010 2612 1140 2671; x_wconf 82' lang='lat' dir='ltr'>clrlrevnl.</span> <span class='ocrx_word' id='word_1_171' title='bbox 1159 2613 1239 2681; x_wconf 90' lang='lat' dir='ltr'>(Luc.</span> <span class='ocrx_word' id='word_1_172' title='bbox 1259 2611 1317 2676; x_wconf 76' lang='lat'>124,</span> <span class='ocrx_word' id='word_1_173' title='bbox 1336 2611 1493 2683; x_wconf 70' lang='lat' dir='ltr'>Vinaiicky</span> <span class='ocrx_word' id='word_1_174' title='bbox 1510 2612 1569 2681; x_wconf 71' lang='lat'><strong>84.)</strong></span> 
     </span>
    </p>
   </div>
   <div class='ocr_carea' id='block_1_8' title="bbox 188 2786 1653 4954">
    <p class='ocr_par' dir='ltr' id='par_1_8' title="bbox 188 2786 1653 4954">
     <span class='ocr_line' id='line_1_19' title="bbox 276 2786 1648 2869; baseline 0.001 -19"><span class='ocrx_word' id='word_1_175' title='bbox 276 2789 460 2850; x_wconf 88' lang='lat' dir='ltr'>Bernhardo</span> <span class='ocrx_word' id='word_1_176' title='bbox 483 2807 542 2850; x_wconf 89' lang='lat' dir='ltr'>suo</span> <span class='ocrx_word' id='word_1_177' title='bbox 566 2786 770 2850; x_wconf 91' lang='lat' dir='ltr'>Adelrnanno</span> <span class='ocrx_word' id='word_1_178' title='bbox 786 2809 809 2850; x_wconf 90' lang='lat' dir='ltr'>s.</span> <span class='ocrx_word' id='word_1_179' title='bbox 825 2809 854 2869; x_wconf 88' lang='lat' dir='ltr'>p.</span> <span class='ocrx_word' id='word_1_180' title='bbox 871 2789 901 2850; x_wconf 93' lang='lat' dir='ltr'>d.</span> <span class='ocrx_word' id='word_1_181' title='bbox 924 2788 990 2852; x_wconf 88' lang='lat' dir='ltr'>Etsi</span> <span class='ocrx_word' id='word_1_182' title='bbox 1015 2790 1150 2851; x_wconf 89' lang='lat' dir='ltr'>arbitror</span> <span class='ocrx_word' id='word_1_183' title='bbox 1173 2798 1204 2850; x_wconf 91' lang='lat' dir='ltr'>te</span> <span class='ocrx_word' id='word_1_184' title='bbox 1223 2789 1368 2851; x_wconf 93' lang='lat' dir='ltr'>nondum</span> <span class='ocrx_word' id='word_1_185' title='bbox 1391 2808 1434 2851; x_wconf 89' lang='lat' dir='ltr'>ex</span> <span class='ocrx_word' id='word_1_186' title='bbox 1451 2786 1648 2854; x_wconf 88' lang='lat' dir='ltr'>Constantia</span> 
     </span>
     <span class='ocr_line' id='line_1_20' title="bbox 190 2894 1648 2976; baseline 0.001 -21"><span class='ocrx_word' id='word_1_187' title='bbox 190 2895 328 2967; x_wconf 88' lang='lat' dir='ltr'>rediisse,</span> <span class='ocrx_word' id='word_1_188' title='bbox 359 2894 511 2973; x_wconf 92' lang='lat' dir='ltr'>quoniam</span> <span class='ocrx_word' id='word_1_189' title='bbox 540 2904 648 2954; x_wconf 89' lang='lat' dir='ltr'>tamen</span> <span class='ocrx_word' id='word_1_190' title='bbox 679 2894 777 2956; x_wconf 91' lang='lat' dir='ltr'>mirus</span> <span class='ocrx_word' id='word_1_191' title='bbox 807 2913 924 2968; x_wconf 90' lang='lat' dir='ltr'>rumor,</span> <span class='ocrx_word' id='word_1_192' title='bbox 955 2905 986 2956; x_wconf 90' lang='lat' dir='ltr'>et</span> <span class='ocrx_word' id='word_1_193' title='bbox 1017 2894 1118 2974; x_wconf 90' lang='lat' dir='ltr'>qualis</span> <span class='ocrx_word' id='word_1_194' title='bbox 1148 2911 1254 2974; x_wconf 91' lang='lat' dir='ltr'>neque</span> <span class='ocrx_word' id='word_1_195' title='bbox 1284 2894 1316 2955; x_wconf 92' lang='lat' dir='ltr'>in</span> <span class='ocrx_word' id='word_1_196' title='bbox 1339 2895 1516 2972; x_wconf 89' lang='lat' dir='ltr'>parietibus</span> <span class='ocrx_word' id='word_1_197' title='bbox 1540 2897 1648 2976; x_wconf 90' lang='lat' dir='ltr'>pictus</span> 
     </span>
     <span class='ocr_line' id='line_1_21' title="bbox 190 2997 1648 3080; baseline 0.001 -21"><span class='ocrx_word' id='word_1_198' title='bbox 190 3018 294 3079; x_wconf 87' lang='lat' dir='ltr'>neque</span> <span class='ocrx_word' id='word_1_199' title='bbox 316 3000 347 3058; x_wconf 93' lang='lat' dir='ltr'>in</span> <span class='ocrx_word' id='word_1_200' title='bbox 371 2999 528 3076; x_wconf 71' lang='lat' dir='ltr'>poematis</span> <span class='ocrx_word' id='word_1_201' title='bbox 551 3016 692 3077; x_wconf 88' lang='lat' dir='ltr'>unquam</span> <span class='ocrx_word' id='word_1_202' title='bbox 716 2998 816 3059; x_wconf 88' lang='lat' dir='ltr'>lectus</span> <span class='ocrx_word' id='word_1_203' title='bbox 838 3011 895 3069; x_wconf 88' lang='lat' dir='ltr'>est,</span> <span class='ocrx_word' id='word_1_204' title='bbox 918 2998 1003 3078; x_wconf 87' lang='lat' dir='ltr'>apud</span> <span class='ocrx_word' id='word_1_205' title='bbox 1027 3017 1087 3059; x_wconf 93' lang='lat' dir='ltr'>nos</span> <span class='ocrx_word' id='word_1_206' title='bbox 1109 2998 1310 3077; x_wconf 82' lang='lat' dir='ltr'>percrebruit,</span> <span class='ocrx_word' id='word_1_207' title='bbox 1341 2999 1437 3059; x_wconf 92' lang='lat' dir='ltr'>statui</span> <span class='ocrx_word' id='word_1_208' title='bbox 1460 2997 1586 3080; x_wconf 89' lang='lat' dir='ltr'>aliquid</span> <span class='ocrx_word' id='word_1_209' title='bbox 1609 3018 1648 3061; x_wconf 89' lang='lat' dir='ltr'>ea</span> 
     </span>
     <span class='ocr_line' id='line_1_22' title="bbox 190 3085 1649 3180; baseline 0.001 -17"><span class='ocrx_word' id='word_1_210' title='bbox 190 3103 231 3164; x_wconf 92' lang='lat' dir='ltr'>de</span> <span class='ocrx_word' id='word_1_211' title='bbox 254 3123 287 3164; x_wconf 92' lang='lat' dir='ltr'>re</span> <span class='ocrx_word' id='word_1_212' title='bbox 309 3101 350 3163; x_wconf 90' lang='lat' dir='ltr'>ad</span> <span class='ocrx_word' id='word_1_213' title='bbox 375 3112 406 3161; x_wconf 86' lang='lat' dir='ltr'>te</span> <span class='ocrx_word' id='word_1_214' title='bbox 430 3103 520 3162; x_wconf 82' lang='lat' dir='ltr'>scribi</span> <span class='ocrx_word' id='word_1_215' title='bbox 546 3111 702 3179; x_wconf 82' lang='lat' dir='ltr'>oportere.</span> <span class='ocrx_word' id='word_1_216' title='bbox 726 3100 779 3162; x_wconf 85' lang='lat' dir='ltr'>Ait</span> <span class='ocrx_word' id='word_1_217' title='bbox 803 3085 886 3162; x_wconf 86' lang='lat' dir='ltr'>eninr</span> <span class='ocrx_word' id='word_1_218' title='bbox 912 3101 1093 3162; x_wconf 86' lang='lat' dir='ltr'>Romanum</span> <span class='ocrx_word' id='word_1_219' title='bbox 1117 3101 1297 3180; x_wconf 84' lang='lat' dir='ltr'>praesulem</span> <span class='ocrx_word' id='word_1_220' title='bbox 1320 3103 1449 3180; x_wconf 87' lang='lat' dir='ltr'>penitus</span> <span class='ocrx_word' id='word_1_221' title='bbox 1471 3102 1515 3164; x_wconf 91' lang='lat' dir='ltr'>ad</span> <span class='ocrx_word' id='word_1_222' title='bbox 1531 3101 1649 3165; x_wconf 87' lang='lat' dir='ltr'>Gallos</span> 
     </span>
     <span class='ocr_line' id='line_1_23' title="bbox 188 3204 1649 3288; baseline -0.001 -17"><span class='ocrx_word' id='word_1_223' title='bbox 188 3220 331 3287; x_wconf 87' lang='lat' dir='ltr'>spectare</span> <span class='ocrx_word' id='word_1_224' title='bbox 355 3227 459 3286; x_wconf 87' lang='lat' dir='ltr'>neque</span> <span class='ocrx_word' id='word_1_225' title='bbox 482 3225 521 3267; x_wconf 90' lang='lat' dir='ltr'>eo</span> <span class='ocrx_word' id='word_1_226' title='bbox 538 3216 733 3280; x_wconf 90' lang='lat' dir='ltr'>contentum,</span> <span class='ocrx_word' id='word_1_227' title='bbox 757 3204 847 3284; x_wconf 93' lang='lat' dir='ltr'>quod</span> <span class='ocrx_word' id='word_1_228' title='bbox 863 3217 989 3284; x_wconf 90' lang='lat' dir='ltr'>praeter</span> <span class='ocrx_word' id='word_1_229' title='bbox 1012 3207 1155 3267; x_wconf 92' lang='lat' dir='ltr'>omnium</span> <span class='ocrx_word' id='word_1_230' title='bbox 1171 3206 1368 3285; x_wconf 88' lang='lat' dir='ltr'>pontificum,</span> <span class='ocrx_word' id='word_1_231' title='bbox 1392 3206 1448 3288; x_wconf 90' lang='lat' dir='ltr'>qui</span> <span class='ocrx_word' id='word_1_232' title='bbox 1462 3217 1552 3268; x_wconf 89' lang='lat' dir='ltr'>recte</span> <span class='ocrx_word' id='word_1_233' title='bbox 1568 3208 1649 3271; x_wconf 89' lang='lat' dir='ltr'>inte-</span> 
     </span>
     <span class='ocr_line' id='line_1_24' title="bbox 189 3309 1647 3395; baseline 0.001 -22"><span class='ocrx_word' id='word_1_234' title='bbox 189 3333 308 3395; x_wconf 84' lang='lat' dir='ltr'>greque</span> <span class='ocrx_word' id='word_1_235' title='bbox 331 3312 483 3373; x_wconf 87' lang='lat' dir='ltr'>eeclesiae</span> <span class='ocrx_word' id='word_1_236' title='bbox 512 3311 723 3391; x_wconf 89' lang='lat' dir='ltr'>praefuerunt,</span> <span class='ocrx_word' id='word_1_237' title='bbox 753 3310 1019 3372; x_wconf 88' lang='lat' dir='ltr'>consuetudinem</span> <span class='ocrx_word' id='word_1_238' title='bbox 1050 3312 1080 3372; x_wconf 92' lang='lat' dir='ltr'>in</span> <span class='ocrx_word' id='word_1_239' title='bbox 1103 3323 1210 3390; x_wconf 89' lang='lat' dir='ltr'>partes</span> <span class='ocrx_word' id='word_1_240' title='bbox 1234 3309 1378 3385; x_wconf 91' lang='lat' dir='ltr'>declinat,</span> <span class='ocrx_word' id='word_1_241' title='bbox 1409 3329 1524 3389; x_wconf 89' lang='lat' dir='ltr'>parare</span> <span class='ocrx_word' id='word_1_242' title='bbox 1547 3313 1647 3374; x_wconf 89' lang='lat' dir='ltr'>etiam</span> 
     </span>
     <span class='ocr_line' id='line_1_25' title="bbox 190 3413 1648 3497; baseline 0.001 -19"><span class='ocrx_word' id='word_1_243' title='bbox 190 3417 272 3478; x_wconf 91' lang='lat' dir='ltr'>hanc</span> <span class='ocrx_word' id='word_1_244' title='bbox 302 3416 559 3497; x_wconf 87' lang='lat' dir='ltr'>qualemcunque</span> <span class='ocrx_word' id='word_1_245' title='bbox 587 3413 724 3475; x_wconf 90' lang='lat' dir='ltr'>Romani</span> <span class='ocrx_word' id='word_1_246' title='bbox 754 3416 875 3492; x_wconf 90' lang='lat' dir='ltr'>imperii</span> <span class='ocrx_word' id='word_1_247' title='bbox 899 3415 1044 3476; x_wconf 90' lang='lat' dir='ltr'>umbram</span> <span class='ocrx_word' id='word_1_248' title='bbox 1070 3416 1101 3476; x_wconf 93' lang='lat' dir='ltr'>in</span> <span class='ocrx_word' id='word_1_249' title='bbox 1123 3413 1289 3476; x_wconf 86' lang='lat' dir='ltr'>Gallorum</span> <span class='ocrx_word' id='word_1_250' title='bbox 1312 3414 1448 3496; x_wconf 80' lang='lat' dir='ltr'>gratiam</span> <span class='ocrx_word' id='word_1_251' title='bbox 1472 3414 1648 3479; x_wconf 86' lang='lat' dir='ltr'>Germanis</span> 
     </span>
     <span class='ocr_line' id='line_1_26' title="bbox 190 3517 1649 3599; baseline 0.001 -17"><span class='ocrx_word' id='word_1_252' title='bbox 190 3522 319 3582; x_wconf 84' lang='lat' dir='ltr'>auferre.</span> <span class='ocrx_word' id='word_1_253' title='bbox 352 3518 386 3580; x_wconf 95' lang='lat' dir='ltr'>ld</span> <span class='ocrx_word' id='word_1_254' title='bbox 409 3538 486 3580; x_wconf 90' lang='lat' dir='ltr'>vero</span> <span class='ocrx_word' id='word_1_255' title='bbox 509 3521 616 3579; x_wconf 90' lang='lat' dir='ltr'>omnia</span> <span class='ocrx_word' id='word_1_256' title='bbox 640 3531 784 3581; x_wconf 93' lang='lat' dir='ltr'>monstra</span> <span class='ocrx_word' id='word_1_257' title='bbox 807 3518 882 3580; x_wconf 94' lang='lat' dir='ltr'>mihi</span> <span class='ocrx_word' id='word_1_258' title='bbox 912 3537 1089 3599; x_wconf 88' lang='lat' dir='ltr'>exuperare</span> <span class='ocrx_word' id='word_1_259' title='bbox 1113 3519 1215 3581; x_wconf 94' lang='lat' dir='ltr'>visum</span> <span class='ocrx_word' id='word_1_260' title='bbox 1238 3530 1293 3580; x_wconf 91' lang='lat' dir='ltr'>est.</span> <span class='ocrx_word' id='word_1_261' title='bbox 1324 3517 1416 3597; x_wconf 85' lang='lat' dir='ltr'>Quae</span> <span class='ocrx_word' id='word_1_262' title='bbox 1446 3522 1534 3580; x_wconf 92' lang='lat' dir='ltr'>enim</span> <span class='ocrx_word' id='word_1_263' title='bbox 1557 3522 1649 3583; x_wconf 91' lang='lat' dir='ltr'>natio</span> 
     </span>
     <span class='ocr_line' id='line_1_27' title="bbox 190 3619 1649 3704; baseline -0.001 -17"><span class='ocrx_word' id='word_1_264' title='bbox 190 3645 291 3704; x_wconf 88' lang='lat' dir='ltr'>aeque</span> <span class='ocrx_word' id='word_1_265' title='bbox 310 3623 478 3687; x_wconf 88' lang='lat' dir='ltr'>Germanis</span> <span class='ocrx_word' id='word_1_266' title='bbox 494 3622 535 3683; x_wconf 91' lang='lat' dir='ltr'>de</span> <span class='ocrx_word' id='word_1_267' title='bbox 551 3622 705 3683; x_wconf 91' lang='lat' dir='ltr'>Romanis</span> <span class='ocrx_word' id='word_1_268' title='bbox 728 3622 932 3701; x_wconf 87' lang='lat' dir='ltr'>pontificibus</span> <span class='ocrx_word' id='word_1_269' title='bbox 949 3625 1059 3684; x_wconf 89' lang='lat' dir='ltr'>merita</span> <span class='ocrx_word' id='word_1_270' title='bbox 1082 3622 1149 3684; x_wconf 84' lang='lat' dir='ltr'>est?</span> <span class='ocrx_word' id='word_1_271' title='bbox 1171 3619 1269 3685; x_wconf 87' lang='lat' dir='ltr'>Cuius</span> <span class='ocrx_word' id='word_1_272' title='bbox 1292 3623 1413 3684; x_wconf 91' lang='lat' dir='ltr'>auxilio</span> <span class='ocrx_word' id='word_1_273' title='bbox 1432 3642 1550 3685; x_wconf 89' lang='lat' dir='ltr'>eorum</span> <span class='ocrx_word' id='word_1_274' title='bbox 1566 3643 1649 3704; x_wconf 86' lang='lat' dir='ltr'>opes</span> 
     </span>
     <span class='ocr_line' id='line_1_28' title="bbox 191 3724 1650 3810; baseline 0.001 -20"><span class='ocrx_word' id='word_1_275' title='bbox 191 3731 292 3810; x_wconf 84' lang='lat' dir='ltr'>magis</span> <span class='ocrx_word' id='word_1_276' title='bbox 313 3738 477 3789; x_wconf 90' lang='lat' dir='ltr'>creverunt</span> <span class='ocrx_word' id='word_1_277' title='bbox 501 3738 598 3807; x_wconf 90' lang='lat' dir='ltr'>atque</span> <span class='ocrx_word' id='word_1_278' title='bbox 621 3738 734 3788; x_wconf 90' lang='lat' dir='ltr'>auctae</span> <span class='ocrx_word' id='word_1_279' title='bbox 758 3726 851 3788; x_wconf 84' lang='lat' dir='ltr'>sunt?</span> <span class='ocrx_word' id='word_1_280' title='bbox 873 3724 967 3789; x_wconf 88' lang='lat' dir='ltr'>Certe</span> <span class='ocrx_word' id='word_1_281' title='bbox 989 3727 1014 3786; x_wconf 91' lang='lat' dir='ltr'>si</span> <span class='ocrx_word' id='word_1_282' title='bbox 1038 3724 1177 3788; x_wconf 89' lang='lat' dir='ltr'>Ottones</span> <span class='ocrx_word' id='word_1_283' title='bbox 1205 3725 1363 3788; x_wconf 92' lang='lat' dir='ltr'>Henricos</span> <span class='ocrx_word' id='word_1_284' title='bbox 1386 3726 1650 3808; x_wconf 88' lang='lat' dir='ltr'>Rudolphosque</span> 
     </span>
     <span class='ocr_line' id='line_1_29' title="bbox 191 3829 1649 3912; baseline 0 -18"><span class='ocrx_word' id='word_1_285' title='bbox 191 3833 361 3906; x_wconf 72' lang='lat' dir='ltr'>sustuleris</span> <span class='ocrx_word' id='word_1_286' title='bbox 392 3830 603 3893; x_wconf 87' lang='lat' dir='ltr'>ecclesiastica</span> <span class='ocrx_word' id='word_1_287' title='bbox 634 3831 718 3892; x_wconf 92' lang='lat' dir='ltr'>dicio</span> <span class='ocrx_word' id='word_1_288' title='bbox 749 3831 790 3891; x_wconf 87' lang='lat' dir='ltr'>ad</span> <span class='ocrx_word' id='word_1_289' title='bbox 814 3842 951 3911; x_wconf 88' lang='lat' dir='ltr'>quatuor</span> <span class='ocrx_word' id='word_1_290' title='bbox 978 3833 1084 3912; x_wconf 90' lang='lat' dir='ltr'>iugera</span> <span class='ocrx_word' id='word_1_291' title='bbox 1116 3831 1290 3912; x_wconf 82' lang='lat' dir='ltr'>redigetur:</span> <span class='ocrx_word' id='word_1_292' title='bbox 1321 3832 1379 3892; x_wconf 92' lang='lat' dir='ltr'>nisi</span> <span class='ocrx_word' id='word_1_293' title='bbox 1402 3833 1474 3909; x_wconf 92' lang='lat' dir='ltr'>quis</span> <span class='ocrx_word' id='word_1_294' title='bbox 1497 3829 1582 3894; x_wconf 87' lang='lat' dir='ltr'>forte</span> <span class='ocrx_word' id='word_1_295' title='bbox 1605 3832 1649 3894; x_wconf 90' lang='lat' dir='ltr'>ad</span> 
     </span>
     <span class='ocr_line' id='line_1_30' title="bbox 191 3933 1651 4018; baseline 0.001 -19"><span class='ocrx_word' id='word_1_296' title='bbox 191 3937 351 4018; x_wconf 87' lang='lat' dir='ltr'>vulgatam</span> <span class='ocrx_word' id='word_1_297' title='bbox 375 3937 459 3997; x_wconf 91' lang='lat' dir='ltr'>illam</span> <span class='ocrx_word' id='word_1_298' title='bbox 483 3933 683 3997; x_wconf 84' lang='lat' dir='ltr'>Constantini</span> <span class='ocrx_word' id='word_1_299' title='bbox 706 3935 847 3996; x_wconf 84' lang='lat' dir='ltr'>fabulam</span> <span class='ocrx_word' id='word_1_300' title='bbox 871 3945 901 3996; x_wconf 90' lang='lat' dir='ltr'>et</span> <span class='ocrx_word' id='word_1_301' title='bbox 924 3936 966 3996; x_wconf 91' lang='lat' dir='ltr'>ab</span> <span class='ocrx_word' id='word_1_302' title='bbox 983 3935 1132 3995; x_wconf 92' lang='lat' dir='ltr'>omnibus</span> <span class='ocrx_word' id='word_1_303' title='bbox 1155 3933 1355 3997; x_wconf 87' lang='lat' dir='ltr'>historiarum</span> <span class='ocrx_word' id='word_1_304' title='bbox 1377 3937 1487 4015; x_wconf 88' lang='lat' dir='ltr'>peritis</span> <span class='ocrx_word' id='word_1_305' title='bbox 1504 3956 1575 3999; x_wconf 91' lang='lat' dir='ltr'>uno</span> <span class='ocrx_word' id='word_1_306' title='bbox 1591 3956 1651 4000; x_wconf 90' lang='lat' dir='ltr'>ore</span> 
     </span>
     <span class='ocr_line' id='line_1_31' title="bbox 191 4038 1650 4120; baseline -0.001 -17"><span class='ocrx_word' id='word_1_307' title='bbox 191 4044 340 4103; x_wconf 87' lang='lat' dir='ltr'>reiectam</span> <span class='ocrx_word' id='word_1_308' title='bbox 363 4038 535 4120; x_wconf 83' lang='lat' dir='ltr'>confugere</span> <span class='ocrx_word' id='word_1_309' title='bbox 557 4039 638 4100; x_wconf 91' lang='lat' dir='ltr'>velit.</span> <span class='ocrx_word' id='word_1_310' title='bbox 672 4038 819 4120; x_wconf 92' lang='lat' dir='ltr'>Denique</span> <span class='ocrx_word' id='word_1_311' title='bbox 842 4040 913 4118; x_wconf 91' lang='lat' dir='ltr'>quis</span> <span class='ocrx_word' id='word_1_312' title='bbox 936 4051 990 4100; x_wconf 90' lang='lat' dir='ltr'>aut</span> <span class='ocrx_word' id='word_1_313' title='bbox 1014 4038 1172 4119; x_wconf 88' lang='lat' dir='ltr'>religionis</span> <span class='ocrx_word' id='word_1_314' title='bbox 1195 4041 1353 4100; x_wconf 87' lang='lat' dir='ltr'>amantior</span> <span class='ocrx_word' id='word_1_315' title='bbox 1374 4051 1429 4101; x_wconf 88' lang='lat' dir='ltr'>aut</span> <span class='ocrx_word' id='word_1_316' title='bbox 1453 4039 1650 4118; x_wconf 84' lang='lat' dir='ltr'>pontificum</span> 
     </span>
     <span class='ocr_line' id='line_1_32' title="bbox 190 4143 1651 4225; baseline 0 -18"><span class='ocrx_word' id='word_1_317' title='bbox 190 4146 368 4207; x_wconf 87' lang='lat' dir='ltr'>auctoritati</span> <span class='ocrx_word' id='word_1_318' title='bbox 393 4144 622 4223; x_wconf 89' lang='lat' dir='ltr'>obsequentior</span> <span class='ocrx_word' id='word_1_319' title='bbox 644 4153 699 4204; x_wconf 89' lang='lat' dir='ltr'>aut</span> <span class='ocrx_word' id='word_1_320' title='bbox 721 4143 763 4204; x_wconf 91' lang='lat' dir='ltr'>ad</span> <span class='ocrx_word' id='word_1_321' title='bbox 780 4145 1043 4205; x_wconf 90' lang='lat' dir='ltr'>comminationes</span> <span class='ocrx_word' id='word_1_322' title='bbox 1066 4143 1293 4205; x_wconf 87' lang='lat' dir='ltr'>ecclesiasticas</span> <span class='ocrx_word' id='word_1_323' title='bbox 1308 4143 1478 4206; x_wconf 84' lang='lat' dir='ltr'>flexibilior</span> <span class='ocrx_word' id='word_1_324' title='bbox 1500 4164 1651 4225; x_wconf 89' lang='lat' dir='ltr'>unquam</span> 
     </span>
     <span class='ocr_line' id='line_1_33' title="bbox 191 4247 1651 4328; baseline 0.001 -17"><span class='ocrx_word' id='word_1_325' title='bbox 191 4249 266 4312; x_wconf 84' lang='lat' dir='ltr'>luit?</span> <span class='ocrx_word' id='word_1_326' title='bbox 288 4259 323 4310; x_wconf 92' lang='lat' dir='ltr'>ut</span> <span class='ocrx_word' id='word_1_327' title='bbox 346 4266 411 4309; x_wconf 95' lang='lat' dir='ltr'>non</span> <span class='ocrx_word' id='word_1_328' title='bbox 434 4248 537 4309; x_wconf 90' lang='lat' dir='ltr'>solum</span> <span class='ocrx_word' id='word_1_329' title='bbox 562 4249 704 4328; x_wconf 91' lang='lat' dir='ltr'>iniquum</span> <span class='ocrx_word' id='word_1_330' title='bbox 729 4247 909 4321; x_wconf 89' lang='lat' dir='ltr'>sedetiam,</span> <span class='ocrx_word' id='word_1_331' title='bbox 933 4248 1052 4322; x_wconf 89' lang='lat' dir='ltr'>silicet,</span> <span class='ocrx_word' id='word_1_332' title='bbox 1075 4258 1109 4309; x_wconf 92' lang='lat' dir='ltr'>ut</span> <span class='ocrx_word' id='word_1_333' title='bbox 1133 4250 1181 4310; x_wconf 91' lang='lat' dir='ltr'>isti</span> <span class='ocrx_word' id='word_1_334' title='bbox 1205 4248 1388 4328; x_wconf 88' lang='lat' dir='ltr'>loquuntur,</span> <span class='ocrx_word' id='word_1_335' title='bbox 1411 4267 1448 4309; x_wconf 92' lang='lat' dir='ltr'>os</span> <span class='ocrx_word' id='word_1_336' title='bbox 1467 4250 1498 4309; x_wconf 93' lang='lat' dir='ltr'>in</span> <span class='ocrx_word' id='word_1_337' title='bbox 1514 4250 1651 4313; x_wconf 88' lang='lat' dir='ltr'>coelum</span> 
     </span>
     <span class='ocr_line' id='line_1_34' title="bbox 191 4350 1651 4434; baseline -0.001 -17"><span class='ocrx_word' id='word_1_338' title='bbox 191 4353 308 4428; x_wconf 92' lang='lat' dir='ltr'>tollere,</span> <span class='ocrx_word' id='word_1_339' title='bbox 331 4352 463 4413; x_wconf 91' lang='lat' dir='ltr'>stultum</span> <span class='ocrx_word' id='word_1_340' title='bbox 487 4353 525 4412; x_wconf 90' lang='lat' dir='ltr'>sit</span> <span class='ocrx_word' id='word_1_341' title='bbox 548 4351 630 4412; x_wconf 93' lang='lat' dir='ltr'>hanc</span> <span class='ocrx_word' id='word_1_342' title='bbox 654 4352 737 4413; x_wconf 90' lang='lat' dir='ltr'>bene</span> <span class='ocrx_word' id='word_1_343' title='bbox 760 4352 956 4412; x_wconf 89' lang='lat' dir='ltr'>merentibus</span> <span class='ocrx_word' id='word_1_344' title='bbox 978 4356 1110 4433; x_wconf 87' lang='lat' dir='ltr'>gratiam</span> <span class='ocrx_word' id='word_1_345' title='bbox 1134 4352 1256 4412; x_wconf 87' lang='lat' dir='ltr'>referre.</span> <span class='ocrx_word' id='word_1_346' title='bbox 1279 4350 1437 4432; x_wconf 86' lang='lat' dir='ltr'>Equidem</span> <span class='ocrx_word' id='word_1_347' title='bbox 1456 4370 1651 4434; x_wconf 89' lang='lat' dir='ltr'>quanquam</span> 
     </span>
     <span class='ocr_line' id='line_1_35' title="bbox 191 4454 1651 4539; baseline 0.001 -20"><span class='ocrx_word' id='word_1_348' title='bbox 191 4459 311 4539; x_wconf 89' lang='lat' dir='ltr'>privata</span> <span class='ocrx_word' id='word_1_349' title='bbox 334 4458 396 4518; x_wconf 89' lang='lat' dir='ltr'>vita</span> <span class='ocrx_word' id='word_1_350' title='bbox 420 4467 451 4516; x_wconf 91' lang='lat' dir='ltr'>et</span> <span class='ocrx_word' id='word_1_351' title='bbox 474 4455 611 4516; x_wconf 88' lang='lat' dir='ltr'>literario</span> <span class='ocrx_word' id='word_1_352' title='bbox 643 4458 709 4517; x_wconf 94' lang='lat' dir='ltr'>otio</span> <span class='ocrx_word' id='word_1_353' title='bbox 739 4457 880 4534; x_wconf 89' lang='lat' dir='ltr'>inprimis</span> <span class='ocrx_word' id='word_1_354' title='bbox 910 4454 1052 4516; x_wconf 89' lang='lat' dir='ltr'>delector</span> <span class='ocrx_word' id='word_1_355' title='bbox 1079 4466 1110 4517; x_wconf 92' lang='lat' dir='ltr'>et</span> <span class='ocrx_word' id='word_1_356' title='bbox 1136 4476 1155 4516; x_wconf 91' lang='lat' dir='ltr'>a</span> <span class='ocrx_word' id='word_1_357' title='bbox 1185 4455 1355 4536; x_wconf 89' lang='lat' dir='ltr'>republica,</span> <span class='ocrx_word' id='word_1_358' title='bbox 1386 4465 1548 4534; x_wconf 90' lang='lat' dir='ltr'>quantum</span> <span class='ocrx_word' id='word_1_359' title='bbox 1580 4457 1651 4521; x_wconf 86' lang='lat' dir='ltr'>fieri</span> 
     </span>
     <span class='ocr_line' id='line_1_36' title="bbox 191 4557 1653 4642; baseline 0.001 -19"><span class='ocrx_word' id='word_1_360' title='bbox 191 4571 306 4642; x_wconf 78' lang='lat' dir='ltr'>potest,</span> <span class='ocrx_word' id='word_1_361' title='bbox 329 4561 484 4634; x_wconf 90' lang='lat' dir='ltr'>abstine0,</span> <span class='ocrx_word' id='word_1_362' title='bbox 506 4570 602 4639; x_wconf 89' lang='lat' dir='ltr'>atque</span> <span class='ocrx_word' id='word_1_363' title='bbox 626 4560 670 4620; x_wconf 95' lang='lat' dir='ltr'>ob</span> <span class='ocrx_word' id='word_1_364' title='bbox 693 4559 725 4620; x_wconf 93' lang='lat' dir='ltr'>id</span> <span class='ocrx_word' id='word_1_365' title='bbox 749 4579 861 4638; x_wconf 90' lang='lat' dir='ltr'>parum</span> <span class='ocrx_word' id='word_1_366' title='bbox 884 4559 926 4621; x_wconf 90' lang='lat' dir='ltr'>ad</span> <span class='ocrx_word' id='word_1_367' title='bbox 951 4579 1002 4621; x_wconf 89' lang='lat' dir='ltr'>me</span> <span class='ocrx_word' id='word_1_368' title='bbox 1023 4562 1142 4634; x_wconf 87' lang='lat' dir='ltr'>attinet,</span> <span class='ocrx_word' id='word_1_369' title='bbox 1166 4571 1275 4622; x_wconf 90' lang='lat' dir='ltr'>aterne</span> <span class='ocrx_word' id='word_1_370' title='bbox 1297 4578 1337 4620; x_wconf 89' lang='lat' dir='ltr'>an</span> <span class='ocrx_word' id='word_1_371' title='bbox 1362 4557 1454 4622; x_wconf 92' lang='lat' dir='ltr'>albus</span> <span class='ocrx_word' id='word_1_372' title='bbox 1470 4561 1653 4641; x_wconf 88' lang='lat' dir='ltr'>imperator</span> 
     </span>
     <span class='ocr_line' id='line_1_37' title="bbox 191 4664 1653 4746; baseline 0.001 -19"><span class='ocrx_word' id='word_1_373' title='bbox 191 4668 238 4740; x_wconf 82' lang='lat' dir='ltr'>sit,</span> <span class='ocrx_word' id='word_1_374' title='bbox 262 4684 326 4726; x_wconf 94' lang='lat' dir='ltr'>non</span> <span class='ocrx_word' id='word_1_375' title='bbox 350 4684 483 4746; x_wconf 89' lang='lat' dir='ltr'>possum</span> <span class='ocrx_word' id='word_1_376' title='bbox 509 4675 615 4725; x_wconf 90' lang='lat' dir='ltr'>tamen</span> <span class='ocrx_word' id='word_1_377' title='bbox 639 4684 699 4743; x_wconf 88' lang='lat' dir='ltr'>pro</span> <span class='ocrx_word' id='word_1_378' title='bbox 722 4683 797 4725; x_wconf 89' lang='lat' dir='ltr'>meo</span> <span class='ocrx_word' id='word_1_379' title='bbox 814 4667 843 4724; x_wconf 96' lang='lat' dir='ltr'>in</span> <span class='ocrx_word' id='word_1_380' title='bbox 861 4664 1060 4726; x_wconf 85' lang='lat' dir='ltr'>christianam</span> <span class='ocrx_word' id='word_1_381' title='bbox 1076 4666 1228 4744; x_wconf 83' lang='lat' dir='ltr'>pietatem</span> <span class='ocrx_word' id='word_1_382' title='bbox 1251 4666 1358 4725; x_wconf 91' lang='lat' dir='ltr'>animo</span> <span class='ocrx_word' id='word_1_383' title='bbox 1380 4682 1446 4725; x_wconf 94' lang='lat' dir='ltr'>non</span> <span class='ocrx_word' id='word_1_384' title='bbox 1463 4666 1583 4728; x_wconf 88' lang='lat' dir='ltr'>anxius</span> <span class='ocrx_word' id='word_1_385' title='bbox 1598 4685 1653 4728; x_wconf 72' lang='lat' dir='ltr'>so</span> 
     </span>
     <span class='ocr_line' id='line_1_38' title="bbox 191 4765 1652 4850; baseline 0.002 -19"><span class='ocrx_word' id='word_1_386' title='bbox 191 4770 356 4848; x_wconf 89' lang='lat' dir='ltr'>licitusque</span> <span class='ocrx_word' id='word_1_387' title='bbox 379 4787 458 4831; x_wconf 75' lang='lat' dir='ltr'>esse,</span> <span class='ocrx_word' id='word_1_388' title='bbox 482 4767 607 4829; x_wconf 92' lang='lat' dir='ltr'>Vereor</span> <span class='ocrx_word' id='word_1_389' title='bbox 629 4786 712 4842; x_wconf 93' lang='lat' dir='ltr'>nam,</span> <span class='ocrx_word' id='word_1_390' title='bbox 736 4787 777 4828; x_wconf 92' lang='lat' dir='ltr'>ne</span> <span class='ocrx_word' id='word_1_391' title='bbox 800 4768 954 4848; x_wconf 89' lang='lat' dir='ltr'>igniculus</span> <span class='ocrx_word' id='word_1_392' title='bbox 978 4769 1026 4828; x_wconf 93' lang='lat' dir='ltr'>hic</span> <span class='ocrx_word' id='word_1_393' title='bbox 1050 4765 1138 4850; x_wconf 83' lang='lat' dir='ltr'>(nam</span> <span class='ocrx_word' id='word_1_394' title='bbox 1162 4770 1262 4830; x_wconf 90' lang='lat' dir='ltr'>maior</span> <span class='ocrx_word' id='word_1_395' title='bbox 1284 4788 1335 4830; x_wconf 90' lang='lat' dir='ltr'>res</span> <span class='ocrx_word' id='word_1_396' title='bbox 1349 4770 1462 4850; x_wconf 84' lang='lat' dir='ltr'>agitur,</span> <span class='ocrx_word' id='word_1_397' title='bbox 1485 4788 1589 4849; x_wconf 91' lang='lat' dir='ltr'>quarn</span> <span class='ocrx_word' id='word_1_398' title='bbox 1612 4781 1652 4834; x_wconf 91' lang='lat' dir='ltr'>ut</span> 
     </span>
     <span class='ocr_line' id='line_1_39' title="bbox 192 4870 1653 4954; baseline 0.001 -18"><span class='ocrx_word' id='word_1_399' title='bbox 192 4875 323 4936; x_wconf 85' lang='lat' dir='ltr'>scintilla</span> <span class='ocrx_word' id='word_1_400' title='bbox 346 4873 496 4952; x_wconf 89' lang='lat' dir='ltr'>appellari</span> <span class='ocrx_word' id='word_1_401' title='bbox 516 4871 646 4952; x_wconf 89' lang='lat' dir='ltr'>debeat)</span> <span class='ocrx_word' id='word_1_402' title='bbox 670 4872 848 4933; x_wconf 90' lang='lat' dir='ltr'>incendium</span> <span class='ocrx_word' id='word_1_403' title='bbox 873 4873 935 4933; x_wconf 89' lang='lat' dir='ltr'>tale</span> <span class='ocrx_word' id='word_1_404' title='bbox 957 4873 1085 4946; x_wconf 80' lang='lat' dir='ltr'>excitet,</span> <span class='ocrx_word' id='word_1_405' title='bbox 1109 4870 1198 4952; x_wconf 90' lang='lat' dir='ltr'>quod</span> <span class='ocrx_word' id='word_1_406' title='bbox 1214 4893 1233 4933; x_wconf 90' lang='lat' dir='ltr'>a</span> <span class='ocrx_word' id='word_1_407' title='bbox 1249 4873 1361 4934; x_wconf 85' lang='lat' dir='ltr'>futuris</span> <span class='ocrx_word' id='word_1_408' title='bbox 1384 4892 1517 4953; x_wconf 91' lang='lat' dir='ltr'>quoque</span> <span class='ocrx_word' id='word_1_409' title='bbox 1541 4879 1653 4954; x_wconf 92' lang='lat' dir='ltr'>ponti·</span> 
     </span>
    </p>
   </div>
   <div class='ocr_carea' id='block_1_9' title="bbox 191 4974 1654 5370">
    <p class='ocr_par' dir='ltr' id='par_1_9' title="bbox 191 4974 1654 5370">
     <span class='ocr_line' id='line_1_40' title="bbox 191 4974 1653 5059; baseline 0.002 -20"><span class='ocrx_word' id='word_1_410' title='bbox 191 4978 303 5040; x_wconf 83' lang='lat' dir='ltr'>ficibus</span> <span class='ocrx_word' id='word_1_411' title='bbox 318 4981 370 5038; x_wconf 93' lang='lat' dir='ltr'>vix</span> <span class='ocrx_word' id='word_1_412' title='bbox 386 4979 527 5059; x_wconf 82' lang='lat' dir='ltr'>extingui</span> <span class='ocrx_word' id='word_1_413' title='bbox 544 4979 653 5055; x_wconf 79' lang='lat' dir='ltr'>possit.</span> <span class='ocrx_word' id='word_1_414' title='bbox 677 4975 797 5037; x_wconf 89' lang='lat' dir='ltr'>Ablato</span> <span class='ocrx_word' id='word_1_415' title='bbox 813 4976 889 5036; x_wconf 90' lang='lat' dir='ltr'>olim</span> <span class='ocrx_word' id='word_1_416' title='bbox 909 4978 998 5038; x_wconf 86' lang='lat' dir='ltr'>iustis</span> <span class='ocrx_word' id='word_1_417' title='bbox 1015 4974 1056 5037; x_wconf 90' lang='lat' dir='ltr'>de</span> <span class='ocrx_word' id='word_1_418' title='bbox 1072 4979 1183 5050; x_wconf 85' lang='lat' dir='ltr'>causis,</span> <span class='ocrx_word' id='word_1_419' title='bbox 1206 4986 1240 5038; x_wconf 89' lang='lat' dir='ltr'>ut</span> <span class='ocrx_word' id='word_1_420' title='bbox 1256 4976 1407 5039; x_wconf 90' lang='lat' dir='ltr'>omnibus</span> <span class='ocrx_word' id='word_1_421' title='bbox 1430 4978 1494 5038; x_wconf 90' lang='lat' dir='ltr'>iam</span> <span class='ocrx_word' id='word_1_422' title='bbox 1514 4996 1653 5056; x_wconf 87' lang='lat' dir='ltr'>persua-</span> 
     </span>
     <span class='ocr_line' id='line_1_41' title="bbox 192 5079 1653 5165; baseline 0.002 -21"><span class='ocrx_word' id='word_1_423' title='bbox 192 5103 264 5145; x_wconf 95' lang='lat' dir='ltr'>sum</span> <span class='ocrx_word' id='word_1_424' title='bbox 293 5093 349 5155; x_wconf 89' lang='lat' dir='ltr'>est,</span> <span class='ocrx_word' id='word_1_425' title='bbox 384 5082 515 5143; x_wconf 91' lang='lat' dir='ltr'>Graecis</span> <span class='ocrx_word' id='word_1_426' title='bbox 550 5083 683 5160; x_wconf 91' lang='lat' dir='ltr'>imperio</span> <span class='ocrx_word' id='word_1_427' title='bbox 715 5082 826 5162; x_wconf 85' lang='lat' dir='ltr'>ingens</span> <span class='ocrx_word' id='word_1_428' title='bbox 854 5079 929 5141; x_wconf 90' lang='lat' dir='ltr'>illud</span> <span class='ocrx_word' id='word_1_429' title='bbox 960 5080 1125 5141; x_wconf 84' lang='lat' dir='ltr'>dissidium</span> <span class='ocrx_word' id='word_1_430' title='bbox 1163 5082 1243 5141; x_wconf 91' lang='lat' dir='ltr'>inter</span> <span class='ocrx_word' id='word_1_431' title='bbox 1274 5079 1416 5142; x_wconf 88' lang='lat' dir='ltr'>Graecos</span> <span class='ocrx_word' id='word_1_432' title='bbox 1445 5080 1653 5165; x_wconf 77' lang='lat' dir='ltr'>latinosque</span> 
     </span>
     <span class='ocr_line' id='line_1_42' title="bbox 193 5183 1654 5270; baseline 0.002 -22"><span class='ocrx_word' id='word_1_433' title='bbox 193 5197 339 5248; x_wconf 88' lang='lat' dir='ltr'>secutum</span> <span class='ocrx_word' id='word_1_434' title='bbox 361 5197 417 5258; x_wconf 91' lang='lat' dir='ltr'>est,</span> <span class='ocrx_word' id='word_1_435' title='bbox 440 5186 529 5266; x_wconf 89' lang='lat' dir='ltr'>quod</span> <span class='ocrx_word' id='word_1_436' title='bbox 552 5185 668 5247; x_wconf 89' lang='lat' dir='ltr'>deinde</span> <span class='ocrx_word' id='word_1_437' title='bbox 690 5196 795 5246; x_wconf 90' lang='lat' dir='ltr'>totum</span> <span class='ocrx_word' id='word_1_438' title='bbox 819 5184 982 5245; x_wconf 89' lang='lat' dir='ltr'>Orientem</span> <span class='ocrx_word' id='word_1_439' title='bbox 1010 5205 1118 5246; x_wconf 82' lang='lat' dir='ltr'>secum</span> <span class='ocrx_word' id='word_1_440' title='bbox 1141 5187 1246 5258; x_wconf 86' lang='lat' dir='ltr'>traxit,</span> <span class='ocrx_word' id='word_1_441' title='bbox 1277 5183 1355 5246; x_wconf 92' lang='lat' dir='ltr'>dum</span> <span class='ocrx_word' id='word_1_442' title='bbox 1379 5183 1523 5262; x_wconf 87' lang='lat' dir='ltr'>Byzantii</span> <span class='ocrx_word' id='word_1_443' title='bbox 1547 5189 1654 5270; x_wconf 87' lang='lat' dir='ltr'>impe·</span> 
     </span>
     <span class='ocr_line' id='line_1_43' title="bbox 193 5288 1654 5370; baseline 0.003 -18"><span class='ocrx_word' id='word_1_444' title='bbox 193 5303 314 5353; x_wconf 90' lang='lat' dir='ltr'>ratores</span> <span class='ocrx_word' id='word_1_445' title='bbox 342 5289 443 5364; x_wconf 90' lang='lat' dir='ltr'>ulturi,</span> <span class='ocrx_word' id='word_1_446' title='bbox 477 5300 512 5350; x_wconf 91' lang='lat' dir='ltr'>ut</span> <span class='ocrx_word' id='word_1_447' title='bbox 542 5292 598 5370; x_wconf 92' lang='lat' dir='ltr'>ipsi</span> <span class='ocrx_word' id='word_1_448' title='bbox 629 5290 795 5368; x_wconf 91' lang='lat' dir='ltr'>putabant,</span> <span class='ocrx_word' id='word_1_449' title='bbox 831 5291 974 5350; x_wconf 88' lang='lat' dir='ltr'>iniuriam</span> <span class='ocrx_word' id='word_1_450' title='bbox 1001 5300 1033 5350; x_wconf 90' lang='grc'>11</span> <span class='ocrx_word' id='word_1_451' title='bbox 1064 5288 1273 5367; x_wconf 86' lang='lat' dir='ltr'>patriarcham</span> <span class='ocrx_word' id='word_1_452' title='bbox 1302 5308 1396 5350; x_wconf 92' lang='lat' dir='ltr'>suum</span> <span class='ocrx_word' id='word_1_453' title='bbox 1426 5289 1587 5353; x_wconf 86' lang='lat' dir='ltr'>extollere</span> <span class='ocrx_word' id='word_1_454' title='bbox 1618 5306 1654 5358; x_wconf 94' lang='lat' dir='ltr'>et</span> 
     </span>
    </p>
   </div>
   <div class='ocr_carea' id='block_1_10' title="bbox 0 0 1845 5850">
    <p class='ocr_par' dir='ltr' id='par_1_10' title="bbox 0 0 1845 5850">
     <span class='ocr_line' id='line_1_44' title="bbox 0 0 1845 5850; baseline 0 0"><span class='ocrx_word' id='word_1_455' title='bbox 0 0 1845 5850; x_wconf 95' lang='lat' dir='ltr'> </span> 
     </span>
    </p>
   </div>
  </div>
 </body>
</html>
