3696 5836
196 366 247 420 136
274 379 291 412 x
873 369 967 429 1502

195 579 357 641 tolerabile
384 590 440 655 est,
463 580 534 659 plus
558 581 670 644 Plauto
695 583 900 665 Vergilioque
924 600 1023 663 quarn
1053 582 1221 665 euangelio
1251 584 1448 656 incumbunt,
1471 594 1504 644 et
1525 581 1656 644 studio-

195 686 259 745 sius
282 683 408 764 Epicuri
431 683 585 766 dogmata
607 706 705 767 quam
728 687 855 749 decreta
878 685 1065 766 pontificum
1089 687 1246 749 evolvunt.
1273 685 1421 765 Princeps
1443 689 1512 767 ipse
1535 685 1656 748 mode-

195 788 369 849 ratissimus
391 789 643 870 iustissimusque
665 801 722 865 est,
737 792 795 853 sed
817 795 941 873 cogitur
960 790 1121 853 interdum
1144 792 1246 874 magis
1267 810 1312 852 ex
1333 790 1467 853 aliorum
1490 791 1655 853 sententia

195 911 292 971 quam
316 911 374 953 sua
396 913 445 954 res
467 912 570 976 agere,
594 894 737 974 dumque
762 915 857 956 unam
887 896 1055 957 iniustitiae
1085 906 1209 974 partem
1232 906 1331 969 cavet,
1354 895 1443 976 quod
1466 914 1532 956 non
1558 894 1655 955 infert

196 998 350 1070 iniuriam,
374 999 404 1057 in
427 996 559 1058 alteram
583 998 742 1060 interdurn
766 1011 854 1061 metu
877 997 1069 1060 seditionum
1093 999 1216 1071 labitur,
1232 999 1320 1079 quod
1343 1001 1385 1061 ab
1408 999 1466 1073 his,
1488 1019 1508 1059 a
1530 999 1656 1077 quibus

197 1110 311 1178 potest,
335 1102 480 1161 iniuriam
504 1120 568 1162 non
592 1103 766 1181 propulsat.
789 1102 878 1166 Gerit
900 1106 926 1165 is
949 1122 1033 1164 nunc
1056 1102 1175 1165 bellum
1199 1102 1350 1165 adversus
1372 1102 1497 1165 Turcos
1518 1105 1656 1182 iamque

196 1205 377 1282 nuperrime
400 1205 483 1264 alam
508 1206 671 1285 quandam
694 1226 806 1269 eorum
830 1205 1015 1289 profligavit,
1031 1206 1088 1268 sed
1103 1209 1198 1269 tantis
1220 1209 1288 1269 eius
1310 1208 1518 1286 apparatibus
1536 1226 1655 1268 vereor

197 1326 238 1367 ne
261 1308 427 1368 intestinae
457 1307 634 1370 discordiae
665 1309 835 1389 plurimum
866 1312 988 1373 obsint:
1020 1329 1094 1371 nam
1125 1321 1156 1372 et
1179 1309 1346 1388 pontifices
1369 1329 1587 1390 proceresque
1611 1310 1656 1372 de

197 1410 370 1472 nobilitatis
385 1412 551 1476 insolentia
575 1425 673 1495 atque
696 1414 820 1475 lascivia
844 1426 1027 1494 queruntur,
1043 1425 1075 1476 et
1096 1414 1245 1475 nobilitas
1267 1413 1393 1475 illorum
1415 1413 1533 1475 fastum
1552 1424 1656 1494 atque

197 1515 397 1592 tyrannidem
427 1529 563 1591 accusat,
586 1521 796 1597 coniuratque
826 1521 856 1580 in
887 1538 983 1594 arma,
1007 1538 1073 1599 quo
1103 1519 1145 1580 ab
1172 1521 1283 1580 iniuria
1312 1521 1409 1581 tutior
1438 1521 1493 1592 sit;
1525 1521 1656 1598 utrique

197 1628 305 1680 autem
329 1638 437 1702 regern
460 1623 552 1682 variis
575 1624 694 1684 artibus
725 1626 755 1684 in
786 1642 860 1684 suas
883 1634 990 1702 partes
1012 1624 1149 1696 trahunt,
1173 1641 1257 1703 quae
1284 1623 1393 1683 omnia
1415 1641 1573 1701 quorsum
1598 1622 1656 1684 de-

198 1722 369 1798 clinabunt,
385 1728 501 1786 nescio.
525 1727 692 1788 Postremo
708 1726 739 1787 id
756 1739 787 1788 te
803 1730 898 1806 cupio
921 1730 999 1788 scire
1022 1730 1103 1789 inter
1125 1729 1233 1789 omnia
1249 1726 1432 1788 Pannoniae
1446 1729 1656 1806 potissimum

199 1827 260 1887 hoc
282 1827 357 1889 mihi
380 1828 513 1907 placere,
529 1830 618 1911 quod
634 1832 752 1893 multos
776 1835 900 1894 invenio
923 1831 1058 1909 cupidos
1081 1831 1241 1894 literarum
1260 1842 1292 1894 et
1308 1831 1507 1893 omnifariam
1524 1831 1657 1902 doctoS,

199 1952 336 2012 quorum
367 1934 529 2013 colloquio
559 1945 655 2015 atque
686 1936 896 1998 familiaritate
926 1939 970 1997 uti
1001 1938 1031 1997 in
1060 1934 1177 1996 deliciis
1200 1934 1315 1996 habco
1350 1934 1438 2009 Vale
1462 1936 1588 2015 optime
1613 1938 1656 1995 mi

201 2038 389 2100 Bernharde.
412 2038 516 2101 Datae
540 2039 658 2114 Eudae,
682 2039 818 2123 Augusti
842 2038 907 2102 Cal.

288 2227 443 2279 Adelmann
466 2226 585 2296 nejspfse
612 2227 798 2280 Bohuslavovi
827 2227 944 2279 delroval
963 2244 997 2279 za
1015 2227 1192 2279 darovant'rho
1216 2227 1288 2280 kone
1307 2228 1409 2294 (stovn.
1427 2225 1492 2294 listy
1511 2226 1547 2277 93
1565 2243 1584 2278 a
1602 2225 1660 2289 ut).

200 2313 293 2365 Koran
313 2314 437 2366 konedne
457 2315 491 2365 od
510 2314 684 2367 Adelmanna
702 2315 835 2383 opatteny'
855 2315 909 2366 mel
928 2314 1115 2367 Bohuslavovi
1134 2312 1228 2366 dodati
1246 2314 1297 2382 Jan
1320 2310 1421 2365 tmhoff
1436 2330 1453 2363 v
1473 2312 1661 2366 Normberce.

202 2401 226 2451 V
249 2408 337 2452 tomto
362 2395 457 2452 meste'
474 2400 541 2453 totit
566 2401 663 2453 usedla
686 2401 750 2469 byla
777 2400 936 2469 patricijslra
962 2401 1060 2454 rodina
1086 2402 1154 2454 toho
1175 2401 1270 2470 jmena
1297 2397 1417 2467 (srovnej
1442 2399 1607 2453 Chronilren
1633 2401 1662 2453 d.

202 2488 356 2540 deutschen
376 2487 481 2550 Stridte,
500 2505 540 2540 sv.
561 2488 612 2554 ll).
632 2489 656 2540 0
675 2505 779 2556 povaze
799 2487 909 2540 kralove
926 2487 977 2541 zde
997 2487 1086 2541 licen&
1105 2505 1196 2541 srovn.
1217 2487 1373 2540 Palaclteho
1391 2486 1424 2548 V,
1443 2486 1469 2548 2,
1487 2486 1512 2539 5.

905 2771 956 2833 tlt).

502 2905 721 2979 Bohuslav
751 2906 1029 2981 Frantiekanu
1058 2907 1356 2981 Cherubinovi.

292 3077 325 3143 (Ζ
352 3076 452 3133 Butllnn
476 3078 554 3144 ¹5⁰2)
573 3107 605 3116 —
623 3079 666 3133 23.
692 3093 784 3149 srpna.
816 3079 922 3146 Delruje
947 3097 980 3132 za
1004 3079 1134 3146 vselijalre
1160 3079 1318 3141 laslravosti,
1343 3096 1360 3132 a
1382 3079 1435 3131 tesi
1459 3095 1489 3130 se
1512 3086 1604 3138 tomu,
1629 3077 1664 3131 ie

204 3162 386 3226 Aristoboluq
409 3165 485 3233 ktery
510 3168 577 3233 proli
601 3165 682 3217 lecke
705 3166 835 3235 rulropisy
859 3166 992 3234 opisoval,
1011 3183 1025 3217 z
1044 3166 1128 3234 Krety
1147 3167 1183 3218 do
1201 3167 1325 3220 Benatelr
1349 3184 1379 3219 se
1398 3165 1487 3227 vratil
1511 3166 1664 3233 ponevadi

205 3253 255 3304 zde
274 3251 345 3304 bude
366 3252 439 3304 moci
458 3252 617 3321 bezpeeneji
644 3251 694 3304 nei
714 3270 751 3305 na
768 3253 859 3315 Krete,
885 3255 920 3306 od
945 3253 1038 3306 l'urkll
1063 3253 1210 3317 ohroiene‚
1239 3253 1311 3319 jemu
1336 3253 1454 3307 slouliti.
1480 3237 1518 3305 Ze
1538 3270 1570 3305 se
1589 3257 1664 3321 proll

206 3340 330 3392 Herodot
343 3356 359 3390 a
372 3339 595 3407 Etymologicum
615 3355 747 3406 magnum
760 3339 905 3407 pfepisuje,
925 3341 1025 3402 ehvalf,
1044 3342 1087 3393 ale
1106 3341 1175 3393 iada
1191 3340 1261 3407 jeste
1275 3341 1336 3393 vice
1350 3340 1462 3408 aprosf,
1480 3324 1535 3407 aby
1555 3339 1664 3393 Aristo·

205 3426 284 3479 bolus
299 3425 364 3493 jalro
383 3426 452 3494 vidy
472 3424 580 3479 bedlive
599 3426 761 3494 pfepisoval.
781 3428 882 3480 Penlze
902 3430 950 3496 pry'
969 3428 1082 3495 sloteny
1099 3428 1160 3495 jsou
1179 3445 1196 3480 u
1216 3426 1339 3481 lmhoffa.
1361 3428 1440 3482 rLuc.
1457 3426 1510 3492 81.)

293 3602 393 3664 Fratri
416 3600 599 3664 cherubino
623 3603 743 3664 ordinis
767 3607 925 3664 minorum
949 3604 990 3665 de
1013 3604 1215 3666 observantia
1232 3626 1254 3665 s.
1271 3605 1301 3666 d.
1325 3603 1456 3666 Mirifice
1480 3602 1668 3666 delectatus

206 3727 277 3768 sum
301 3707 395 3769 literis
418 3709 487 3781 tuiS,
504 3718 595 3786 pater
613 3704 802 3779 Cherubine,
827 3707 936 3787 (omne
959 3712 1043 3769 enim
1066 3728 1168 3790 genus
1190 3720 1265 3771 tuae
1288 3712 1318 3771 in
1342 3729 1394 3772 me
1417 3708 1667 3771 benevolentiae

207 3830 283 3890 prae
305 3831 340 3872 se
364 3808 479 3893 ferunt)
503 3831 609 3892 neque
632 3811 663 3872 id
687 3811 776 3872 facile
799 3811 944 3884 dixerim,
968 3831 1065 3892 quam
1093 3812 1168 3873 mihi
1195 3812 1226 3874 id
1249 3824 1375 3896 gratum
1398 3816 1446 3886 sit,
1470 3812 1667 3891 felicemque

207 3935 259 3976 me
275 3916 337 3976 boc
360 3897 416 3977 tuo
440 3935 514 3998 erga
538 3935 589 3976 me
612 3914 728 3977 affectu
753 3914 866 3977 iudico,
890 3913 1062 3978 Caeterum
1085 3935 1185 3995 quum
1209 3919 1317 3977 omnia
1339 3926 1395 3978 tua
1418 3927 1450 3977 et
1473 3913 1605 3976 laudem
1631 3930 1666 3979 et

207 4018 351 4094 admirer,
368 4019 454 4093 illud,
470 4019 560 4098 quod
584 4032 615 4081 te
638 4020 721 4081 adeo
737 4021 846 4081 abiicis
868 4031 964 4101 atque
988 4019 1136 4093 demittis
1152 4020 1289 4098 probare
1313 4039 1377 4081 non
1401 4037 1543 4098 possum.
1568 4018 1667 4081 Facis

207 4122 337 4202 quidem
360 4135 403 4197 tu,
426 4142 510 4202 quae
540 4123 717 4185 modestiae
747 4136 778 4185 et
801 4124 988 4185 christianae
1018 4125 1175 4206 religionis
1206 4133 1303 4203 atque
1329 4123 1455 4205 pietatis
1484 4133 1568 4198 sunt,
1596 4127 1667 4185 imi·

207 4228 346 4307 tarisque
369 4229 533 4289 convivam
564 4229 650 4290 illum
681 4229 909 4310 euangelicum,
937 4231 998 4308 qui,
1022 4226 1101 4288 dum
1131 4227 1277 4290 ultimum
1307 4231 1389 4290 inter
1420 4227 1667 4289 discumbentes

208 4334 315 4394 locum
339 4345 485 4410 occupat,
509 4333 740 4412 patrisfamilias
772 4332 887 4394 iudicio
918 4333 1010 4395 altius
1040 4343 1209 4411 provectus
1239 4343 1295 4393 est.
1329 4329 1384 4392 Me
1407 4342 1514 4392 tamen
1537 4349 1666 4406 comm,

209 4454 292 4515 quae
315 4435 356 4495 ad
380 4447 412 4496 te
435 4437 552 4515 scripsi,
575 4455 641 4497 non
664 4439 824 4515 poenitet;
855 4435 913 4496 sed
940 4436 1018 4496 lraec
1048 4437 1190 4517 attigisse
1219 4437 1296 4496 satis
1319 4446 1377 4496 est.
1412 4434 1552 4495 Praestat
1576 4436 1667 4495 enim

209 4541 377 4618 minusque
392 4552 576 4619 suspectum
601 4551 649 4601 est
672 4541 801 4601 virtutes
824 4551 895 4602 tuas
919 4539 1005 4618 apud
1029 4539 1106 4601 alios
1130 4559 1227 4619 quam
1250 4539 1337 4617 apud
1361 4551 1393 4601 te
1415 4538 1538 4599 referre.
1561 4536 1665 4617 Quod

209 4644 318 4703 scribis
341 4642 563 4705 Aristobolum
582 4643 735 4705 Venetiae
759 4644 880 4718 rediise,
896 4644 1100 4705 vehementer
1123 4644 1259 4726 gaudeo.
1284 4642 1371 4705 Amo
1394 4643 1479 4704 enim
1502 4643 1666 4719 optimum

209 4745 296 4806 illum
319 4749 428 4821 virum,
451 4750 509 4807 etsi
532 4748 643 4809 faciem
667 4751 734 4809 eius
756 4751 879 4830 ignoro,
904 4767 978 4808 nam
1002 4759 1090 4809 tanta
1117 4747 1284 4827 probitatis
1307 4759 1404 4826 atque
1427 4745 1593 4807 doctrinae
1616 4747 1666 4808 vis

209 4861 266 4925 est,
290 4862 324 4912 ut
347 4852 442 4911 etiam
474 4853 588 4932 ignotis
619 4872 678 4912 nos
709 4852 862 4914 conciliet.
897 4852 1015 4914 Poterit
1047 4855 1071 4912 is
1102 4853 1177 4912 milri
1203 4853 1234 4912 in
1258 4853 1436 4929 praesentia
1458 4847 1668 4910 commodius

210 4974 342 5032 operam
367 4974 481 5016 navare
496 4967 534 5026 et,
552 4968 585 5017 ut
603 4956 706 5018 dicam
730 4957 819 5035 quod
843 4960 954 5029 sentio,
977 4960 1074 5018 tutius
1097 4966 1243 5023 aetatem,
1260 4953 1404 5016 Venetiis
1426 4971 1524 5034 quam
1546 4948 1667 5014 Cretae

211 5071 292 5141 aget.
323 5059 453 5121 Avertet
477 5059 507 5120 id
532 5060 666 5122 fortasse
690 5064 895 5140 omnipotens
919 5060 1021 5122 Deus:
1054 5080 1115 5142 ego
1140 5072 1246 5121 tamen
1274 5070 1348 5138 post
1372 5069 1552 5119 extremum
1574 5055 1666 5136 Epiri

212 5165 489 5243 Peloponnesique
512 5167 736 5226 exterminium
764 5166 976 5226 nobilissimae
1000 5165 1038 5225 illi
1062 5165 1183 5226 insulae
1210 5183 1274 5224 non
1299 5164 1408 5224 timere
1431 5181 1496 5222 non
1519 5178 1666 5240 possum,

213 5271 354 5329 maxime
377 5287 477 5340 qrurm
505 5269 619 5330 Veneti
643 5270 772 5331 minime
801 5281 924 5331 tantam
956 5269 1028 5330 belli
1052 5270 1169 5330 molem
1194 5270 1347 5330 sustinere
1369 5267 1501 5346 possint,
1524 5276 1556 5327 et
1580 5268 1668 5343 prin-
