3660 5850
895 350 975 410 1501.
1610 352 1664 406 119

205 571 241 618 ut
265 558 402 621 hominis
424 564 608 640 praesertim
631 562 745 624 eruditi
767 562 876 624 lituras
899 562 1074 638 fastidianr;
1096 565 1155 625 nisi
1179 564 1358 626 contendas
1379 566 1410 625 in
1427 583 1502 626 meo
1521 567 1660 626 carmine

205 681 271 723 non
295 663 403 726 multis
426 684 508 745 opus
531 684 603 726 esse
625 665 731 740 lituris,
755 667 875 746 quippe
899 665 948 745 (ut
970 667 1014 728 ait
1036 664 1098 748 ille)

597 804 788 866 »emendare
811 808 901 867 iocos
923 825 987 867 una
1010 805 1101 867 litura
1123 816 1260 884 potest«.

204 936 257 999 Tu
292 941 352 1001 ista
381 940 511 1016 videris,
545 962 606 1025 ego
637 942 768 1022 quidem
799 942 938 1005 infelices
968 942 1094 1005 chartas
1122 943 1239 1005 diutius
1267 962 1342 1005 cum
1369 944 1477 1007 blattis
1507 956 1539 1005 et
1570 946 1661 1007 tineis

189 1043 300 1104 -rixari
331 1063 397 1106 non
425 1048 615 1123 permittam,
644 1046 702 1108 sed
730 1066 828 1127 quam
857 1049 994 1126 primum
1018 1045 1223 1110 Deucalionis
1245 1057 1300 1109 aut
1323 1045 1460 1109 Vulcani
1482 1067 1580 1127 opem
1603 1050 1660 1109 im-

203 1146 351 1227 plorabo,
373 1160 408 1210 ut
431 1168 543 1211 eorum
567 1149 718 1232 suffragio
740 1152 783 1213 ab
806 1153 895 1212 omni
920 1148 1022 1230 pr'ope
1044 1150 1183 1212 vindicer
1206 1150 1348 1226 insatnia;
1372 1153 1420 1213 sin
1443 1162 1552 1214 autem
1567 1155 1661 1215 istam

203 1263 294 1312 tuam
318 1254 451 1314 ironiam
475 1256 605 1318 missam
629 1255 739 1317 seceris
754 1256 949 1336 duxerisque
965 1253 1141 1336 aliquando
1156 1255 1256 1316 satius
1271 1274 1342 1318 esse
1358 1257 1548 1334 patrocinari
1562 1276 1660 1337 quarn

204 1359 419 1435 praevaricari,
442 1377 522 1419 mox
543 1357 677 1420 aderunt
693 1360 831 1433 clientes,
855 1359 939 1420 sores
955 1358 1136 1438 pulsabunt,
1159 1357 1354 1439 palinodiam
1373 1378 1505 1440 quoque
1520 1361 1659 1424 recinent

203 1472 237 1522 et
259 1471 316 1523 tuo
339 1463 450 1524 muniti
481 1462 639 1542 praesidio
669 1463 717 1525 vel
752 1466 849 1543 ipsos,
878 1466 904 1526 si
931 1465 1115 1543 oportuerit,
1144 1461 1359 1545 Areopagitas
1381 1463 1581 1526 confidenter
1602 1465 1659 1527 ad·

204 1564 303 1628 ibunt.
339 1565 466 1629 Interim
490 1565 738 1629 Microcosmum
765 1569 865 1631 nostri
888 1566 1051 1630 Sslechtae
1074 1568 1210 1647 suscipe,
1229 1567 1310 1630 illius
1332 1568 1464 1648 inquam
1486 1566 1660 1643 Sslechtae,

203 1688 301 1749 quem
335 1671 434 1732 ambo
469 1672 624 1750 proximis
657 1673 792 1733 comitiis
826 1676 856 1733 in
891 1673 1123 1734 triumuiratum
1153 1673 1350 1734 literatorum
1384 1682 1660 1750 cooptaveramus.

204 1771 302 1844 Idem,
326 1794 366 1836 ne
388 1774 506 1837 scilicet
528 1774 726 1838 inofficiosus
749 1787 842 1851 esset,
865 1795 926 1839 nos
948 1795 1051 1856 nuper
1073 1774 1259 1837 duumviros
1282 1777 1446 1838 censorios
1469 1774 1594 1859 delegit,
1617 1776 1659 1839 de

202 1898 342 1961 quorum
365 1879 481 1941 iudicio
505 1892 561 1942 aut
583 1890 646 1942 stet
668 1892 724 1943 aut
746 1881 849 1944 cadat.
887 1879 959 1963 Ego
983 1899 1057 1942 vero
1089 1899 1158 1942 rem
1179 1882 1337 1963 integram
1359 1890 1461 1942 totam
1484 1879 1527 1942 ad
1550 1890 1582 1942 te
1604 1880 1660 1943 de·

202 1985 278 2057 iero,
302 1994 334 2046 et
358 1984 399 2046 de
422 2004 488 2064 quo
512 1983 658 2046 nondum
689 1985 814 2069 collega
844 1987 1003 2067 cognovit,
1033 1984 1065 2047 id
1095 1995 1282 2067 arroganter
1310 2003 1371 2046 nec
1392 1983 1577 2064 praeiudico
1600 2003 1660 2047 nec

201 2108 318 2150 revoco
341 2088 383 2150 ad
405 2088 570 2150 arbitrium
595 2107 712 2150 meum.
739 2087 806 2152 Sed
829 2090 910 2150 heus
933 2100 975 2163 tu,
999 2086 1091 2150 valde
1114 2087 1208 2163 bella,
1237 2087 1448 2162 mehercule,
1476 2098 1509 2150 et
1537 2089 1658 2151 urbana

201 2193 262 2253 abs
284 2202 317 2252 te
339 2191 413 2252 mihi
438 2211 541 2271 nuper
563 2205 611 2254 est
634 2193 769 2273 epistola
791 2193 925 2269 reddita,
948 2195 991 2255 ita
1014 2193 1154 2255 venustis
1169 2204 1296 2257 scatens
1311 2192 1439 2268 salibus,
1462 2194 1576 2255 utiam
1590 2210 1658 2255 non

202 2314 336 2356 nemora
367 2306 398 2356 et
426 2296 526 2358 saltus
556 2295 614 2357 sed
645 2298 761 2358 salinas
791 2296 896 2358 colere
925 2295 1067 2358 videaris.
1105 2293 1241 2358 Omissis
1267 2296 1399 2358 tandem
1421 2297 1520 2378 gerris
1542 2296 1574 2357 in
1595 2296 1658 2358 hoc

201 2398 331 2477 publico
354 2410 522 2475 conventu,
546 2401 588 2461 mi
612 2400 780 2477 Bohuslae,
803 2413 860 2463 tuo
883 2400 1025 2475 consili0,
1051 2399 1161 2462 lavore
1188 2412 1286 2481 atque
1308 2398 1462 2461 industria
1484 2399 1655 2480 plurimum

195 2502 390 2584 indigebam,
421 2505 557 2566 obrem
587 2506 773 2584 praesertim
805 2505 1018 2566 domesticam
1041 2502 1273 2576 stabiliendam,
1296 2522 1380 2584 quae
1402 2503 1434 2564 in
1456 2514 1582 2567 tantum
1604 2516 1653 2567 est

193 2618 354 2687 quassata,
378 2619 413 2669 ut
433 2607 622 2688 propediem
646 2606 716 2691 (nisi
741 2611 813 2689 quis
828 2607 909 2671 deus
923 2604 1113 2691 respexerit)
1136 2627 1178 2669 ex
1194 2617 1323 2670 oratore
1337 2618 1444 2670 arator
1459 2605 1526 2669 fieri
1540 2625 1650 2691 cogar3

192 2711 252 2771 nisi
275 2709 382 2771 malim
406 2710 448 2773 ad
472 2710 631 2774 Plautinas
655 2713 758 2774 molas
781 2713 953 2794 confugere
976 2723 1031 2774 aut
1054 2708 1194 2774 Cleantis
1217 2722 1351 2789 puteum
1367 2709 1544 2773 exhaurire.
1567 2709 1653 2774 Lau·

192 2812 272 2875 dant
295 2833 355 2876 nos
378 2814 510 2896 quidem
533 2835 599 2879 uno
627 2836 684 2879 ore
716 2835 830 2878 omnes
860 2829 900 2891 et,
932 2829 966 2879 ut
989 2813 1157 2898 magnifice
1181 2815 1302 2896 loquar,
1329 2816 1424 2878 etiam
1447 2813 1653 2890 admirantur,

192 2916 254 2979 sed
277 2929 312 2979 ut
334 2921 425 2997 pueri
449 2918 579 2984 lunonis
602 2940 704 2982 avem.

488 3039 598 3102 Gloria
621 3043 819 3123 quantalibet
841 3041 919 3123 quid
942 3044 1007 3115 erit,
1031 3044 1056 3104 si
1079 3041 1179 3123 gloria
1203 3041 1345 3105 tantum?

191 3159 315 3222 Idcirco
339 3163 364 3221 si
387 3180 443 3239 per
465 3165 693 3243 occupationes
715 3173 787 3225 tuas
809 3162 944 3245 Pragam
967 3165 1074 3225 venire
1097 3165 1217 3244 nequis,
1241 3161 1366 3224 decrevi
1392 3164 1496 3241 primo
1519 3179 1652 3242 quoque

190 3276 342 3341 ternpore
358 3262 399 3325 ad
414 3276 446 3326 te
460 3264 618 3344 proficisci
637 3279 669 3328 et
684 3268 716 3329 id
740 3266 872 3329 demum
895 3269 1023 3348 exequi,
1039 3266 1129 3347 quod
1152 3278 1187 3329 tu
1205 3268 1251 3328 vir
1273 3269 1417 3329 omnium
1433 3268 1652 3349 integerrimus

188 3372 225 3429 in
243 3388 311 3429 rem
327 3387 434 3430 meam
453 3370 521 3430 sore
537 3370 748 3432 arbitraberis.
772 3371 864 3446 Vale,
880 3372 1058 3434 amicorum
1082 3373 1211 3450 optime,
1234 3374 1289 3453 qui
1311 3371 1499 3434 eruditionis
1521 3371 1651 3432 nomine

188 3490 254 3534 nec
277 3474 309 3534 in
332 3472 439 3534 medio
463 3473 618 3535 Parnasso
641 3477 793 3554 cuiquam
816 3493 858 3536 ex
881 3477 984 3553 primo
1007 3474 1081 3537 loco
1104 3477 1308 3538 concesseris.
1330 3472 1415 3536 Nam

452 3593 638 3658 »Montibus
660 3597 692 3657 in
715 3598 831 3658 nostris
853 3595 974 3657 nedum
996 3598 1052 3659 tibi
1074 3606 1174 3660 certet
1196 3595 1388 3674 Amyntas«.

283 3780 413 3833 Publicus
432 3790 587 3835 conventus
605 3800 624 3833 v
642 3781 703 3836 liste
722 3783 853 3852 zmlneny
877 3781 946 3835 snad
968 3781 1024 3851 jest
1042 3786 1121 3837 onem
1140 3801 1158 3835 v
1176 3784 1262 3837 Praze
1279 3780 1321 3837 30.
1340 3782 1397 3836 ztrl
1416 3780 1486 3836 1500
1502 3760 1648 3851 zabdjenp.

897 4067 946 4128 78.

613 4202 833 4275 Bohuslav
861 4202 970 4296 Janu
1003 4180 1231 4276 Sleehtovi.

282 4369 465 4438 (1501)-8.
490 4369 594 4428 Ιινόῐηι.
619 4370 723 4438 Slibuje
748 4388 765 4424 a
789 4371 938 4439 osvedcuje
963 4389 1032 4426 svou
1057 4373 1193 4425 vdecnost
1216 4388 1249 4426 za
1273 4371 1370 4441 sluiby
1394 4371 1461 4425 sobe
1485 4372 1650 4441 prolitzane.

185 4459 216 4511 Ο
243 4455 397 4510 zaleiitosti
422 4457 609 4510 Vratislavslre
636 4459 686 4526 pry
711 4458 828 4512 nembie
856 4476 886 4511 se
915 4458 1054 4527 vysloviti,
1079 4460 1209 4528 neslyiev
1236 4458 1343 4527 posliml
1372 4457 1503 4512 Balbova.
1538 4456 1649 4526 Sdeluje

185 4542 302 4597 daudek
319 4542 379 4610 svdj
399 4561 416 4595 o
435 4542 633 4597 Mikrolrosmu.
651 4545 730 4612 (Luc.
750 4543 802 4612 70.)

279 4718 394 4799 Joanni
416 4717 580 4781 Sslechtae
602 4719 643 4781 de
666 4719 831 4795 Wssehrd,
863 4724 951 4802 regio
974 4723 1153 4798 secretari0,
1176 4724 1281 4783 amico
1304 4723 1398 4782 unice
1421 4720 1547 4795 dilecto,
1571 4742 1595 4784 s.
1620 4721 1651 4784 d.

184 4821 447 4902 Respondissem
470 4825 532 4884 iam
555 4822 679 4903 pridem
702 4825 855 4904 epistolae
878 4836 961 4899 tuae,
992 4827 1050 4887 nisi
1074 4844 1255 4904 sperassem
1277 4845 1331 4886 me
1352 4824 1541 4904 propediem
1563 4825 1652 4905 apud

186 4940 225 4991 te
259 4927 412 4989 futurum:
443 4929 598 5006 quoniam
632 4939 740 4989 autem
774 4947 885 4990 rumor
914 4929 956 4990 de
984 4940 1145 4990 conventu
1177 4927 1386 4992 Olomucensi
1416 4930 1479 4989 iam
1514 4932 1651 5004 evanuit,

183 5033 303 5110 accipe
324 5050 382 5111 per
404 5030 517 5106 literas,
540 5049 623 5111 quae
647 5050 756 5093 coram
779 5032 865 5111 loqui
888 5034 1094 5094 institueram.
1117 5032 1219 5108 Erras,
1242 5035 1362 5112 optime
1384 5030 1539 5107 Sslechta,
1556 5034 1581 5094 si
1597 5051 1650 5094 me

186 5135 312 5197 idcirco
335 5135 392 5196 tibi
414 5136 531 5216 gratias
560 5153 655 5216 agere
677 5146 780 5215 putas,
802 5135 892 5216 quod
923 5146 1130 5215 accepturum
1154 5156 1207 5197 me
1229 5134 1350 5216 aliquid
1371 5136 1430 5197 abs
1452 5147 1484 5197 te
1506 5154 1649 5217 sperem;

187 5241 305 5317 accepi
327 5240 413 5299 enim
434 5258 500 5300 non
524 5249 714 5319 accepturus
736 5259 817 5315 sum,
840 5251 939 5321 teque
962 5240 1003 5302 de
1026 5259 1079 5301 me
1102 5243 1223 5320 optime
1249 5242 1397 5302 meritum
1421 5259 1491 5301 esse
1513 5242 1650 5322 ingenue
