3660 5850
806 361 897 431 1495,
920 361 1013 425 1496,

883 631 933 696 57.

602 769 820 844 Bohuslav
847 770 1000 864 Janovi
1028 795 1050 843 z
1079 769 1220 868 Pibry.

272 942 373 1007 (1495.)
398 940 547 1010 Vyslovuje
572 940 663 994 nevoli
689 958 758 994 svou
782 941 946 1009 zpoefnam
970 941 1210 1009 nejmenovaneho
1235 943 1341 1006 lrritika,
1361 944 1440 1012 ttery'
1458 944 1550 1014 spiselr
1570 945 1634 1013 jetro

187 1030 237 1080 »de
256 1027 367 1081 miseria
386 1029 522 1081 humana«
542 1028 681 1095 polroutne
701 1028 862 1097 pomlouv43
885 1028 893 1080 i
913 1028 989 1081 brozi
1009 1045 1064 1093 mu,
1083 1030 1286 1098 neptestane-li.
1304 1030 1395 1097 (Nova
1414 1033 1495 1100 epist
1514 1049 1576 1101 app.
1594 1033 1634 1098 43,

186 1114 336 1183 Vinaliclry
355 1114 408 1181 84.)

270 1292 383 1374 loanni
407 1293 448 1353 de
472 1293 564 1354 Pibra
587 1313 610 1353 s.
634 1312 663 1371 p.
688 1293 717 1353 d.
741 1291 900 1354 Libellum
923 1304 1067 1354 nostrum
1091 1293 1133 1355 de
1156 1296 1280 1355 miseria
1303 1294 1443 1357 humana
1467 1316 1634 1359 censorem

186 1417 257 1459 esse
289 1408 419 1459 nactum
450 1400 503 1457 ais.
543 1396 571 1457 ls
594 1400 618 1459 si
647 1396 809 1458 huismodi
836 1408 928 1470 esset,
959 1408 993 1459 ut
1017 1397 1165 1459 iudicium
1196 1418 1291 1459 suum
1321 1403 1427 1483 magni
1455 1400 1634 1464 faciendum

186 1503 233 1575 sit,
257 1520 361 1580 aequo
385 1503 494 1561 animo
518 1502 648 1561 ferrem:
677 1504 890 1580 nequeenim
921 1513 1046 1563 tantum
1079 1504 1152 1562 milii
1181 1522 1305 1584 arrogo,
1336 1517 1370 1567 ut
1394 1524 1560 1585 nunquam
1586 1524 1634 1565 me

185 1606 309 1686 lapsum
326 1606 422 1667 fuisse
437 1608 625 1679 existimem,
649 1605 849 1686 quodetiam
866 1605 1056 1667 doctissimis
1072 1606 1254 1668 hominibus
1273 1625 1339 1668 non
1361 1611 1549 1690 contingere
1572 1629 1634 1670 non

185 1712 296 1789 potuit.
319 1707 489 1772 Caeterum
515 1710 627 1771 melius
649 1724 715 1770 erat
739 1712 877 1770 amicum
900 1709 984 1770 hunc
1008 1721 1152 1771 nostrum
1175 1729 1214 1769 ea
1236 1709 1278 1771 de
1300 1730 1333 1771 re
1357 1711 1399 1772 ad
1423 1730 1476 1773 me
1500 1715 1634 1774 scribere

185 1826 225 1887 et,
249 1814 326 1894 quid
344 1814 644 1892 reprehendendruu
660 1826 758 1893 putet,
782 1813 947 1876 manifeste
970 1815 1157 1875 ostendere:
1180 1827 1234 1876 aut
1251 1817 1336 1876 enim
1352 1834 1496 1878 errorem
1519 1836 1634 1890 meum,

185 1921 210 1979 si
233 1921 304 1997 quis
320 1931 419 1991 esset,
442 1937 652 2000 agnoscerem
667 1929 698 1979 et
715 1917 836 1979 homini
859 1921 973 1991 gratias
996 1937 1126 1999 agerem
1141 1954 1184 1962 —
1200 1919 1296 1982 Nunc
1318 1939 1395 1982 vero
1421 1940 1479 2001 per
1502 1923 1636 2003 angulos

185 2024 379 2102 obloquitur,
402 2041 516 2102 neque,
539 2042 622 2101 quae
646 2021 820 2100 displicent,
852 2025 882 2083 in
913 2023 1076 2101 publicum
1101 2023 1229 2101 profert,
1260 2035 1293 2084 ut
1320 2025 1394 2085 mihi
1418 2024 1553 2088 facultas
1575 2028 1634 2086 mei

185 2125 377 2187 defendendi
397 2128 528 2186 omnino
547 2138 713 2205 praerepta
729 2128 776 2187 sit.
789 2125 1009 2205 Quamobrem
1022 2127 1124 2200 velim,
1136 2139 1171 2189 ut
1183 2130 1345 2189 contineat
1360 2130 1519 2209 impetum
1534 2148 1635 2209 neque

185 2231 349 2291 materiam
371 2230 474 2291 laudis
489 2250 530 2290 ex
547 2249 599 2290 me
616 2241 719 2309 petat;
742 2231 882 2311 alioquin
903 2231 1015 2292 sentiet
1031 2243 1064 2292 et
1079 2250 1139 2292 nos
1155 2250 1284 2292 manum
1301 2230 1418 2293 ferulae
1442 2231 1635 2295 subduxisse

184 2353 289 2414 neque
312 2345 473 2396 certamen
489 2332 666 2406 literarium,
691 2334 722 2394 in
746 2354 811 2413 quo
835 2352 918 2415 pene
933 2335 975 2395 ab
991 2335 1119 2395 infantia
1139 2337 1252 2395 versati
1275 2353 1394 2406 sumus,
1418 2337 1634 2397 extimescere.

186 2438 303 2502 Invitus
327 2438 405 2499 haec
428 2438 534 2499 scribo
558 2451 589 2501 et
613 2437 709 2499 bilem
733 2458 901 2517 erumpere
917 2440 1107 2519 gestientem
1131 2438 1286 2513 cohibeo;
1310 2438 1366 2500 sed
1390 2441 1449 2500 nisi
1473 2439 1634 2509 destiterit,

185 2563 282 2625 cogar
304 2555 335 2605 et
358 2545 426 2622 ipsc
450 2543 569 2621 aliquid
593 2562 635 2603 ex
659 2545 817 2605 veteribus
840 2542 953 2605 studiis
976 2554 1131 2619 repetere:
1155 2540 1283 2602 docebo
1305 2541 1528 2606 Aristarchum
1552 2544 1634 2605 bunc

183 2649 295 2709 aetatis
317 2659 454 2721 nostrae,
478 2650 531 2726 qui
549 2649 579 2707 in
595 2647 727 2707 aliorum
751 2648 903 2725 operibus
925 2665 1112 2724 caprearum
1128 2647 1241 2707 oculos
1256 2644 1362 2719 habet,
1385 2649 1417 2708 in
1432 2649 1501 2710 suis
1517 2647 1633 2727 talpam

184 2772 262 2824 esse,
285 2771 390 2831 neque
407 2753 468 2813 ulla
492 2752 550 2811 alia
567 2753 674 2811 renisi
699 2752 874 2812 temeritate
897 2761 929 2811 et
952 2750 1149 2829 impudentia
1173 2769 1233 2811 nos
1255 2751 1298 2811 ab
1313 2770 1353 2811 eo
1376 2755 1520 2831 superari
1547 2752 1634 2814 Vale.

272 2941 391 2993 Vrodenl
410 2939 474 2992 listu
493 2957 510 2991 u
524 2938 616 2991 lllitisa
635 2939 847 2991 nedatovaneho
866 2938 985 3006 vyplyva
1003 2938 1203 3006 zpl‘edeslych.
1223 2936 1434 3007 Nejmenovany
1447 2938 1538 3001 kritik,
1555 2939 1634 3007 jehoi

185 3028 270 3095 vy'rok
289 3029 318 3078 at
336 3027 471 3094 skuteeny'·
491 3025 563 3078 nebo
582 3026 704 3094 vylham't
722 3025 768 3077 tal<
786 3024 857 3093 zahy
876 3025 999 3077 donesen
1020 3023 1215 3087 Bohuslavovi,
1234 3023 1280 3092 byl
1299 3024 1403 3093 nejspls‘
1422 3024 1561 3079 Vilrtorin.
1589 3027 1633 3095 My

184 3115 362 3167 domnivdme
381 3130 420 3176 se,
440 3113 470 3166 ie
496 3121 524 3165 to
547 3112 593 3181 byl
611 3114 697 3180 vy‘rolr
716 3112 845 3180 vylhany,
866 3112 964 3179 majlce
990 3129 1025 3164 na
1043 3111 1155 3179 pameti,
1174 3111 1269 3164 literali
1287 3111 1334 3180 tyi
1354 3111 1482 3166 Viktorin
1503 3115 1633 3167 mnohem

184 3201 299 3269 pozdeji,
313 3200 383 3268 kdyt
399 3199 436 3266 jit
456 3199 667 3252 sBohuslavem
687 3198 778 3250 ddvno
796 3198 842 3267 byl
860 3215 890 3250 se
910 3200 1024 3261 rozesel,
1042 3217 1059 3250 v
1072 3198 1136 3251 listu
1154 3186 1322 3252 kReholovi
1342 3197 1489 3252 Hrubkmu
1508 3217 1525 3253 o
1545 3200 1634 3254 dilech

184 3287 416 3355 Bohuslavovy'ch
437 3287 519 3339 velmi
538 3288 634 3338 destne
653 3303 683 3338 se
703 3285 820 3353 vyslovil
839 3285 919 3353 (App.
938 3284 1016 3352 epist
1037 3301 1072 3337 na
1091 3284 1192 3352 lronci).
1217 3286 1268 3355 Jak
1287 3285 1381 3348 videti,
1401 3286 1486 3339 staral
1505 3304 1536 3340 se
1556 3287 1636 3340 Pibra

183 3376 230 3428 sed
249 3374 296 3442 byl
314 3391 331 3426 o
350 3382 386 3437 to,
405 3373 459 3443 aby
479 3381 589 3441 propast
608 3372 678 3425 mezi
698 3372 797 3424 obema
815 3370 978 3438 nekdejslmi
998 3372 1112 3439 plately‚
1132 3372 1317 3425 Bohuslavem
1332 3373 1548 3435 aVilrtorinem
1568 3376 1637 3428 stala

184 3478 214 3513 se
233 3464 447 3528 neplestupnou.
467 3460 565 3513 Srovn.
585 3460 647 3512 take
668 3460 712 3511 list
735 3460 790 3512 112.

878 3741 929 3803 58.

597 3881 817 3954 Bohuslav
840 3876 993 3973 Janovi
1020 3902 1043 3950 z
1072 3877 1213 3975 Pibry.

270 4054 334 4108 1496
357 4083 389 4091 -
411 4054 437 4109 3.
464 4052 541 4123 ilina.
571 4051 720 4121 Vyslovuje
746 4052 821 4104 litost
846 4050 899 4103 nad
924 4049 1003 4102 smrtl
1027 4048 1224 4103 znameniteho
1249 4050 1330 4105 mule
1353 4051 1458 4116 Alexia,
1484 4053 1567 4122 ktery
1592 4054 1638 4107 tal(

183 4144 283 4193 vzorne
304 4140 364 4193 lidil
384 4140 453 4192 obce
473 4140 599 4193 l'raislre.
618 4141 708 4206 (Nova
727 4138 805 4207 epist.
824 4153 886 4205 app.
904 4137 978 4203 tlt.)

268 4318 382 4398 loanni
406 4338 465 4378 suo
490 4318 602 4378 l'ibreo
626 4338 649 4378 s
672 4335 701 4395 p.
725 4317 754 4377 d.
789 4315 982 4376 Peracerbae
1006 4313 1082 4374 mihi
1104 4312 1211 4374 literae
1234 4327 1309 4376 tuae
1332 4313 1473 4392 fuerunt;
1496 4320 1639 4401 cognovi

183 4424 268 4482 enim
292 4441 335 4481 ex
362 4422 410 4482 his
440 4423 557 4483 summi
581 4421 661 4482 illius
684 4420 824 4481 hominis
852 4417 958 4478 Alexii
989 4418 1154 4478 interitum.
1194 4416 1350 4479 Nondum
1381 4439 1539 4482 noveram
1571 4425 1640 4501 ipse

183 4524 355 4598 hominem,
378 4525 549 4603 plurimum
573 4536 681 4586 tamen
697 4525 855 4585 amabam.
878 4520 968 4584 Solet
990 4523 1075 4581 enim
1097 4523 1206 4583 nescio
1222 4522 1391 4601 quomodo
1414 4524 1573 4601 accidere,
1596 4538 1640 4602 ut,

184 4630 355 4710 inquibus
384 4629 522 4709 aliquam
551 4630 672 4691 virtutis
702 4628 843 4690 indolem
875 4645 945 4687 esse
975 4624 1131 4699 audimus,
1162 4644 1219 4688 eos
1242 4627 1337 4688 etiam
1360 4629 1491 4709 ignotos
1514 4641 1551 4693 et
1574 4630 1641 4693 dili·

183 4753 297 4815 gamus
320 4744 352 4794 et
375 4734 576 4796 admiremur.
599 4734 798 4795 institueram
829 4734 892 4792 iam
923 4730 1080 4790 insinuare
1103 4732 1209 4790 mein
1236 4730 1304 4791 eius
1326 4732 1509 4807 amicitiam,
1534 4753 1642 4817 neque

184 4857 317 4916 parvum
341 4839 477 4900 fructum
500 4858 541 4900 ex
571 4840 649 4901 tanti
677 4840 731 4898 viri
762 4835 970 4896 familiaritate
993 4845 1091 4912 atque
1117 4833 1350 4896 consuetudine
1371 4836 1559 4915 sperabam,
1583 4840 1641 4902 sed

184 4943 348 5021 interrupit
378 4943 508 5004 consilia
538 4963 610 5004 mea
641 4946 810 5004 immatura
840 4941 907 4999 eius
930 4955 1028 5011 mors,
1051 4956 1135 5016 quae
1158 4937 1233 4999 mihi
1263 4938 1395 5017 quidem
1424 4923 1553 5023 ingrata
1584 4954 1643 5017 est,

184 5047 306 5126 populo
329 5059 437 5109 autem
461 5046 609 5129 Pragensi
632 5048 726 5108 etiam
750 5046 936 5125 perniciosa.
974 5040 1054 5119 Quis
1077 5042 1161 5100 enim
1183 5039 1297 5123 vulgus
1318 5040 1396 5103 illud
1424 5046 1517 5107 omni
1541 5058 1643 5110 vento

184 5150 333 5212 mobilius
356 5165 410 5213 aut
427 5154 493 5229 pari
508 5152 690 5231 eloquentia
706 5163 738 5212 et
753 5149 898 5211 doctrina
915 5145 1140 5217 moderabitur,
1164 5157 1218 5207 aut
1233 5145 1386 5226 exemplo
1401 5147 1445 5208 ad
1461 5148 1643 5213 honestum

184 5255 266 5315 vitae
287 5274 388 5337 genus
419 5256 624 5334 provocabit?
662 5255 716 5316 llle
746 5254 878 5335 quidem
908 5270 967 5311 suo
997 5248 1063 5309 fato
1093 5249 1219 5311 functus
1249 5261 1305 5326 est,
1339 5261 1371 5312 et
1395 5251 1545 5316 fortassis
1569 5257 1644 5321 ideo
