3660 5850
893 589 943 650 38.

548 722 768 797 Bohuslav
795 723 977 820 kapitole
1007 722 1283 801 Olomoucke.

278 896 342 952 1493
360 927 394 933 -
412 896 456 953 28.
476 894 580 951 lttllrttt.
608 895 714 964 Dtlruje
734 914 766 950 za
786 905 822 959 to,
842 897 874 949 ie
890 896 927 964 jej
948 896 1035 950 vlemi
1055 896 1133 967 hlasy
1157 898 1256 952 zvolila
1275 898 1427 967 biskupem‚
1456 899 1463 952 i
1482 900 1568 968 prosl.
1587 900 1641 969 aby

190 1003 207 1036 v
220 983 306 1053 pilzni
327 984 374 1036 sve
394 985 410 1035 lr
429 985 513 1036 nemu
532 983 664 1051 vytrvala.
684 985 775 1046 (Nova
794 985 874 1052 epist.
893 1002 954 1053 app.
973 984 997 1047 5,
1017 985 1168 1053 Vinaliclry'
1189 986 1242 1054 14.)

277 1160 425 1240 Capitulo
449 1159 657 1223 Olomucensi
680 1181 704 1222 s.
728 1163 758 1224 d.
781 1163 971 1225 Retulerunt
995 1163 1069 1225 mihi
1094 1175 1200 1242 patres
1223 1163 1350 1243 capituli
1368 1167 1470 1239 vestri,
1495 1185 1578 1246 quos
1602 1166 1642 1227 ad

192 1286 244 1329 me
267 1268 404 1341 misistis,
440 1266 539 1326 multa
562 1266 602 1327 de
625 1266 741 1327 affectu
772 1277 877 1329 vestro
901 1268 931 1328 in
955 1286 1007 1328 me
1031 1278 1127 1348 atque
1158 1267 1389 1342 benevolentia,
1419 1279 1451 1330 et
1473 1270 1642 1350 quomodo

192 1374 312 1434 cunctis
341 1371 498 1452 suffragiis
521 1391 539 1431 a
562 1371 653 1432 robis
683 1373 853 1451 episcopus
876 1374 1079 1434 renunciatus
1110 1391 1190 1433 sum.
1228 1371 1303 1454 Ago
1332 1374 1423 1435 vobis
1448 1374 1643 1436 immortales

191 1478 316 1558 gratias,
340 1495 445 1557 neque
469 1478 553 1536 enim
577 1495 710 1555 possum
735 1497 799 1538 non
816 1476 962 1538 delectari
987 1488 1149 1539 tantorum
1165 1479 1302 1539 virorum
1324 1479 1512 1558 gravissimo
1535 1478 1642 1540 deme

191 1581 316 1643 iudicio.
351 1580 481 1644 Utinam
512 1580 668 1642 duntaxat
699 1584 915 1660 expectationi
946 1594 1068 1643 vestrae
1098 1582 1278 1644 satisfacere
1309 1601 1437 1660 possem
1462 1595 1493 1644 et
1517 1585 1542 1645 is
1565 1604 1641 1655 esse

197 1689 249 1766 qui
272 1687 375 1765 cupio.
400 1684 483 1747 Nam
507 1685 619 1746 duram
643 1686 808 1747 sustinebo
825 1686 1019 1765 provinciam
1043 1698 1074 1746 et
1090 1687 1207 1747 viribus
1230 1690 1309 1748 meis
1324 1689 1456 1749 omnino
1479 1689 1640 1766 imparem.

195 1790 284 1852 Fiam
308 1793 393 1852 enim
416 1792 565 1873 magister
594 1801 769 1872 antequam
800 1790 981 1868 discipulus
1012 1802 1043 1852 et
1067 1791 1121 1871 qui
1152 1809 1203 1850 me
1234 1809 1341 1873 regere
1372 1790 1519 1853 nondum
1542 1791 1641 1866 didici,

194 1894 273 1956 alios
303 1915 412 1977 regere
446 1916 557 1977 cogar:
589 1895 685 1958 fretus
720 1907 826 1956 tamen
858 1894 918 1955 Dei
948 1914 1021 1972 ope,
1056 1896 1109 1974 qui
1145 1914 1309 1976 nunquam
1345 1897 1376 1956 in
1410 1914 1445 1957 se
1478 1907 1641 1974 sperantes

194 1999 320 2073 deserit,
344 2000 530 2062 submittam
562 2012 670 2062 tantae
693 2001 835 2061 sarcinae
865 1999 1022 2069 humeros,
1053 2011 1083 2060 et
1107 2010 1233 2061 vastum
1257 1998 1388 2082 pelagus
1416 2001 1640 2080 naviculaeque

194 2124 285 2165 meae
308 2124 437 2183 prorsus
467 2105 669 2182 inexpertum
699 2105 863 2186 ingrediar.
900 2103 1051 2165 Vestrum
1082 2116 1189 2165 autem
1214 2107 1271 2167 erit
1299 2105 1361 2166 hoc
1384 2114 1538 2184 tempore,
1562 2125 1641 2184 quae

165 2211 383 2290 ·incoepisti5‚
414 2211 576 2289 persequi:
612 2209 728 2269 deinde
759 2229 834 2270 vero
869 2228 920 2269 me
952 2219 1036 2270 recte
1066 2219 1216 2289 agentem
1246 2208 1384 2271 consiliis
1410 2211 1522 2271 vestris
1545 2222 1640 2288 atque

194 2314 312 2376 auxIlio
336 2316 449 2375 iuvare.
473 2312 596 2375 Valere.
621 2310 753 2374 Caetera
776 2315 977 2395 cognoscetis
1000 2331 1040 2372 ex
1066 2311 1121 2385 liis,
1145 2332 1227 2392 quos
1250 2312 1291 2373 ad
1315 2333 1367 2374 me
1390 2314 1525 2374 misistis.
1555 2314 1639 2377 1493.

194 2416 268 2479 Maii
293 2418 344 2482 28.

280 2607 374 2661 Urcite
393 2607 486 2661 datum
512 2607 576 2661 listu
601 2608 706 2670 tohoto,
732 2608 806 2661 ktere
826 2608 933 2676 podriva
958 2607 1041 2669 Mitis,
1060 2607 1112 2660 zda
1131 2624 1161 2658 se
1180 2604 1238 2673 byti
1257 2605 1387 2673 spravn&
1417 2604 1592 2658 idovidame
1609 2622 1637 2658 se

192 2695 301 2758 zneho,
321 2695 374 2763 kdy
393 2695 518 2749 konecnc
537 2695 658 2764 kapitola
676 2696 892 2748 krozhodnemu
912 2695 997 2748 kroku
1021 2693 1114 2747 voleni
1133 2692 1249 2761 biskupa
1272 2709 1302 2745 se
1327 2692 1482 2745 odhodlala.
1515 2691 1592 2743 Stalo
1608 2709 1637 2744 se

192 2788 221 2833 to
240 2782 331 2852 nekdy
350 2800 386 2836 rra
404 2782 522 2852 potatku
547 2783 650 2835 mesice
680 2782 782 2834 livetna
802 2781 869 2834 1493
891 2799 923 2835 za
942 2781 1081 2835 okolnostl
1106 2781 1192 2833 kroku
1217 2788 1294 2833 tomu
1317 2779 1443 2833 zdanlivll
1468 2779 1636 2847 pilznivy'eh.

192 2869 284 2922 Nebot
301 2869 387 2938 papei
405 2872 545 2923 Innocenc
564 2870 633 2931 VIII,
653 2871 729 2937 lrterp'v
742 2869 788 2938 byl
807 2868 951 2938 biskupem
969 2869 1171 2936 Olomouclry'm
1195 2866 1336 2934 jmenoval
1355 2866 1497 2919 lrardinala
1509 2865 1637 2918 Ardicina

192 2957 263 3010 della
281 2957 371 3020 Porta,
390 2959 491 3011 zemlel
509 2958 551 3010 25.
571 2960 705 3011 cervence
727 2957 806 3019 rura
826 2956 1026 3023 nasledujlcilro
1045 2956 1113 3009 rolru
1132 2955 1157 3008 4.
1176 2956 1263 3007 tlnora
1282 2954 1382 3006 zemlel
1402 2954 1464 3006 take
1484 2954 1637 3006 chranenec

189 3040 263 3109 jeho,
282 3043 462 3112 lrbislrupstvl
476 3045 697 3097 Olomouclrtmu
716 3044 863 3112 dosazenp'n
894 3044 918 3097 Ο
935 3043 1001 3111 jeho
1020 3043 1098 3096 smrti
1118 3041 1238 3111 nejsplse
1257 3057 1395 3110 zpravena
1419 3039 1500 3109 byvsi
1519 3038 1637 3108 kapitola

190 3130 350 3199 plistoupila
368 3133 462 3200 rychle
482 3131 665 3199 lrpostulacnl
686 3131 764 3183 volbe
783 3130 792 3182 i
811 3131 910 3184 zvolila
938 3130 1026 3185 vsemi
1046 3131 1126 3198 hlasy
1149 3129 1277 3183 davneho
1296 3128 1446 3182 kandidata
1471 3127 1635 3180 Bolruslava.

190 3202 228 3270 Ze
247 3217 329 3271 volba
347 3227 376 3271 ta
393 3220 535 3287 nepovede
555 3220 570 3271 lr
590 3219 644 3279 cili,
671 3237 687 3271 a
705 3218 737 3271 ie
757 3220 830 3286 novy'
854 3218 941 3287 papei
969 3219 1080 3272 novtho
1105 3220 1170 3287 opet
1192 3223 1294 3286 nepote
1317 3215 1507 3283 kbiskupstvl
1531 3214 1634 3275 dosadi,

189 3305 256 3359 toho
275 3323 305 3358 se
324 3307 468 3360 nenadala

888 3539 938 3600 39.

571 3673 791 3748 Bohuslav
817 3673 920 3747 krali
947 3671 1251 3746 Vladislavovi.

274 3842 375 3911 (149³.)
405 3844 579 3913 Odporucuje
607 3845 749 3898 zalelitost
781 3845 902 3915 kapitoly
935 3843 1107 3898 Olomouclrt
1137 3844 1152 3895 t
1180 3841 1352 3911 plfznivkmu
1380 3840 1513 3909 uprizenf.
1544 3840 1631 3907 (Nova

188 3928 266 3997 epist.
285 3946 346 3999 app.
365 3928 401 3999 3.)

273 4106 483 4187 Amplissimo
514 4129 574 4171 suo
605 4113 735 4190 principi
767 4124 799 4172 et
835 4111 969 4173 domino
1004 4109 1140 4170 domino
1169 4106 1354 4180 wladislao,
1390 4105 1575 4167 Pannoniae
1603 4120 1633 4164 et

188 4210 360 4274 Bolremiae
376 4216 440 4295 regi
457 4224 515 4275 etc.
539 4234 562 4275 s,
585 4215 614 4277 d.
639 4215 818 4277 Petiverunt
834 4236 853 4275 a
869 4234 920 4275 me
937 4223 1042 4292 patres
1058 4212 1185 4292 capituli
1201 4209 1434 4282 Olomucensis,
1457 4222 1493 4272 ut
1507 4227 1633 4270 causam

189 4334 302 4379 eorum
326 4316 484 4379 Maiestati
516 4318 607 4380 'suae
637 4319 872 4381 commendem.
911 4320 1106 4398 Quanquam
1130 4328 1237 4378 autem
1261 4316 1389 4387 institui,
1420 4315 1474 4376 ubi
1499 4317 1634 4392 primurn

186 4438 228 4481 ex
250 4419 392 4483 Asiatica
414 4425 668 4503 peregrinatione
692 4443 835 4485 reversus
851 4443 930 4497 sum,
955 4442 1060 4502 neque
1078 4421 1231 4483 accedere
1254 4419 1295 4481 ad
1312 4417 1516 4481 Maiestatem
1531 4416 1634 4479 Tuam

185 4542 291 4604 neque
314 4529 484 4606 quicquam
503 4528 661 4590 literarum
678 4528 753 4589 dare
771 4530 826 4589 nisi
845 4526 938 4606 plane
959 4538 1013 4588 aut
1036 4528 1207 4605 episcopus
1222 4536 1276 4586 aut
1293 4526 1442 4602 privatus,
1464 4542 1531 4584 non
1547 4523 1633 4600 potui

184 4642 293 4692 tamen
328 4632 495 4710 postulatis
529 4653 641 4694 eorum
676 4633 832 4693 adversari
869 4635 899 4693 in
930 4652 963 4693 re
997 4632 1181 4711 praesertim
1215 4648 1327 4708 aequa,
1359 4639 1390 4688 et
1414 4647 1497 4708 quae
1519 4626 1561 4688 ad
1584 4644 1635 4686 me

185 4754 316 4815 quoque
345 4735 513 4799 Maiestate
536 4737 607 4798 Tua
631 4757 695 4797 non
724 4738 829 4798 solum
857 4736 888 4796 id
912 4737 1040 4796 volente
1068 4734 1243 4795 sedetiam
1273 4746 1465 4811 procurante
1492 4733 1634 4809 pertinet.

111 4891 115 4899 .
184 4837 274 4900 Alius
297 4839 427 4920 quidem
451 4852 591 4903 uteretur
621 4842 728 4903 multis
751 4842 854 4901 verbis
877 4852 908 4901 et
932 4848 1200 4901 commemoraret
1225 4838 1387 4914 inprimis
1418 4837 1540 4917 regium
1564 4851 1635 4893 csse

184 4944 251 5003 iura
275 4946 553 5024 immunitatesque
583 4945 810 5007 ecclesiasticas
840 4947 919 5006 tueri
950 4964 987 5005 ac
1016 4942 1203 5004 defendere:
1234 4960 1295 5023 ego
1318 4951 1426 5002 tamen
1462 4937 1536 5000 nihil
1560 4936 1635 4998 milri

185 5045 299 5108 lrorum
324 5050 503 5111 faciendum
520 5062 608 5128 puto,
632 5052 751 5129 quippe
775 5053 827 5128 qui
845 5052 910 5111 selo
935 5047 1137 5109 Maiestatem
1153 5044 1259 5107 Tuam
1282 5054 1371 5106 tanta
1395 5042 1460 5105 fide
1485 5040 1637 5124 religione

185 5154 365 5232 pietateque
389 5173 466 5227 csse,
490 5168 610 5234 quanta
633 5155 762 5214 forsitan
796 5173 891 5214 nemo
915 5153 993 5214 alius
1017 5172 1060 5212 ex
1084 5152 1171 5212 omni
1202 5150 1432 5212 catholicorum
1456 5148 1637 5225 principum

182 5273 323 5317 numero.
363 5257 442 5319 Illud
477 5272 600 5321 tanturn
631 5260 768 5338 supplex
800 5260 948 5336 petivisse
976 5267 1145 5317 contentus
1169 5274 1249 5321 sum,
1280 5263 1314 5314 ut
1338 5251 1492 5314 Maiestas
1513 5249 1586 5312 Tua
1611 5252 1638 5309 is
