3660 5850
884 685 934 747 29,

483 838 701 914 Bohuslav
731 840 942 914 Geilerovi
970 841 1326 938 zKaisersberga.

271 1027 305 1092 (Ζ
325 1008 395 1084 (luch
415 1029 471 1082 tttt
493 1060 524 1065 -
545 1044 579 1085 na
597 1029 690 1095 zimu.)
712 1030 859 1098 Vyjadluje
879 1032 954 1084 litost
967 1049 983 1084 a
996 1031 1085 1084 bolest
1104 1048 1174 1084 svou
1192 1031 1245 1083 nad
1260 1031 1337 1083 smrti
1357 1031 1541 1093 Schottovou‚
1560 1049 1577 1081 o
1591 1032 1636 1084 nii

184 1114 229 1182 byl
246 1114 283 1181 jii
303 1132 320 1165 v
333 1116 494 1169 Benatlnlch
515 1134 544 1168 se
563 1118 688 1171 dovedel.
708 1118 842 1170 leodicum
863 1119 1010 1187 Petrovy'm
1031 1120 1080 1187 pry'*
1099 1118 1217 1186 ostp‘chd
1230 1135 1260 1170 se
1273 1118 1353 1187 prati,
1372 1116 1427 1187 aby
1441 1118 1540 1172 ialosti
1551 1118 1636 1187 jejich

184 1218 273 1254 znova
292 1202 418 1270 nezjitl‘il.
438 1204 515 1256 Prosi
534 1221 566 1257 za
584 1204 654 1257 dalsi
673 1205 844 1274 dopisovitni.
863 1205 942 1271 (Luc.
961 1204 1014 1273 67.)

272 1398 404 1460 l)octori
426 1399 563 1480 Johanni
588 1399 840 1482 Keysersbergio
864 1421 886 1462 s.
910 1401 940 1462 d.
978 1401 1159 1464 Bolruslaus
1182 1413 1263 1474 tuus
1291 1412 1381 1481 pater
1403 1404 1535 1481 optime,
1559 1403 1636 1464 haec

186 1501 275 1563 dicit:
300 1502 515 1584 Posteaquam
539 1504 616 1567 Asia
640 1503 810 1585 Atricaque
838 1517 1004 1589 peragrata
1027 1505 1182 1567 Venetias
1205 1505 1290 1578 redii,
1320 1508 1443 1586 scriptis
1466 1509 1530 1567 iam
1553 1508 1637 1570 obsi-

185 1610 354 1688 gnatisque
376 1609 417 1670 ad
442 1608 569 1671 Petrum
593 1629 700 1670 meum
725 1610 818 1671 literis
842 1629 929 1672 mors
952 1630 1010 1671 sua
1033 1610 1107 1670 mihi
1132 1613 1305 1671 nunciatur.
1330 1610 1405 1690 Quo
1422 1606 1547 1672 'nuncio
1570 1629 1636 1672 non

187 1713 398 1790 perturbatus
422 1713 479 1775 sed
495 1714 611 1775 fractus
628 1716 759 1775 omnino
775 1734 854 1788 sum,
878 1735 943 1776 non
960 1714 1049 1796 quod
1073 1714 1152 1777 illius
1169 1717 1270 1776 vicem
1287 1733 1482 1797 magnopere
1498 1714 1635 1785 doleam,

187 1818 306 1905 quippe
328 1837 401 1878 cum
425 1838 491 1898 quo
525 1819 686 1896 praeclare
719 1820 853 1880 arbitror
887 1830 1002 1887 actum.
1034 1819 1122 1899 quod
1145 1819 1187 1880 ab
1218 1819 1266 1880 his
1301 1819 1398 1879 seculi
1433 1821 1565 1880 miseriis
1594 1818 1635 1881 ad

187 1919 335 1982 coelestia
357 1921 474 2002 gaudia
504 1922 578 1983 felix
602 1919 651 1983 illa
673 1925 779 1984 anima
802 1924 951 1985 translata
982 1938 1037 1995 est,
1061 1923 1119 1986 sed
1143 1923 1231 2005 quod
1254 1926 1321 2001 ipse
1351 1923 1509 1985 eiusmodi
1533 1926 1634 1984 amico

186 2024 317 2086 orbatus
340 2045 419 2099 sum,
443 2027 570 2106 qualem
594 2045 699 2106 neque
722 2027 876 2090 hactenus
892 2027 989 2089 habui
1012 2048 1117 2108 neque
1140 2046 1291 2108 unquam,
1315 2039 1349 2088 ut
1365 2030 1526 2102 existimo,
1549 2027 1635 2089 habi-

186 2138 275 2189 turus
298 2148 378 2190 sum.
404 2129 499 2191 Nunc
522 2142 630 2192 autem
654 2131 707 2191 ubi
732 2134 881 2192 nuncium
905 2132 1008 2192 deca
1032 2135 1163 2212 regione
1185 2131 1256 2203 ridi,
1280 2150 1406 2194 rursum
1430 2131 1525 2193 dolor
1546 2150 1635 2193 meus

184 2244 355 2294 renovatus
378 2246 434 2303 est.
458 2245 489 2295 et
505 2237 615 2297 nescio
639 2235 846 2297 iucundiusne
870 2254 910 2295 an
926 2237 1071 2296 acerbius
1087 2235 1177 2296 luerit
1200 2237 1314 2296 veteris
1329 2245 1459 2297 nostrae
1482 2235 1634 2297 familiari-

186 2339 257 2397 tatis
281 2340 472 2400 meminisse.
511 2340 667 2400 Parabam
691 2341 798 2399 nescio
823 2339 899 2418 quid
923 2338 964 2400 ad
987 2351 1134 2418 parentes
1157 2338 1239 2401 Petri
1263 2341 1409 2413 scribere,
1432 2339 1492 2400 sed
1518 2358 1633 2411 vereor,

185 2460 225 2501 ne
249 2441 344 2505 literis
361 2446 439 2504 meis
455 2463 567 2506 eorum
583 2463 711 2505 moeror
728 2443 936 2504 recrudescat.
960 2442 1011 2505 'l'u
1028 2443 1130 2513 t'acito,
1153 2453 1187 2504 nt
1212 2463 1263 2504 me
1279 2462 1376 2517 aines,
1400 2456 1432 2504 et
1455 2443 1546 2524 quod
1562 2442 1632 2505 olim

185 2545 408 2610 adulcissimo
432 2567 506 2608 meo
531 2548 622 2610 Petro
647 2567 816 2627 persuasus
840 2548 986 2617 faciebas,
1017 2567 1101 2608 nunc
1124 2560 1239 2627 sponte
1263 2560 1316 2609 tua
1347 2547 1451 2609 facias.
1475 2547 1526 2609 De
1553 2559 1633 2610 statu

185 2650 432 2732 conditioneque
455 2672 526 2714 mea
550 2655 580 2714 in
604 2656 782 2731 praesentia
811 2651 884 2713 nihil
915 2654 1028 2724 scrib0,
1053 2654 1204 2733 quoniam
1236 2664 1362 2731 tempus
1389 2671 1456 2713 non
1480 2654 1632 2732 suppetit:

185 2756 282 2817 malui
313 2769 420 2818 tamen
451 2761 557 2836 inepte
587 2758 705 2838 aliquid
736 2758 872 2819 scribere
896 2776 992 2836 quam
1021 2769 1133 2818 tacere.
1170 2754 1203 2819 Si
1227 2766 1333 2818 autem
1366 2775 1418 2816 me
1450 2755 1547 2818 literis
1576 2759 1632 2819 tuis

185 2860 373 2942 dignaberis,
397 2881 462 2923 non
479 2863 583 2924 solum
607 2882 658 2923 me
675 2863 794 2924 laetum
817 2864 918 2936 iacies,
943 2862 999 2924 sed
1017 2864 1112 2924 etiam
1136 2863 1301 2923 materiam
1324 2873 1356 2923 et
1372 2863 1579 2923 occasionem
1593 2861 1631 2923 ad

184 2966 240 3025 tibi
264 2966 503 3028 rescribendum
527 2966 627 3029 dabis
651 2966 741 3028 Vale.

229 3197 230 3200 ¹
271 3169 332 3223 List
350 3178 428 3224 tento
456 3174 523 3239 psan
551 3172 654 3240 nejspis
673 3171 705 3224 ai,
724 3189 740 3221 v
760 3158 899 3233 (lechach,
919 3171 988 3238 kdyl
1015 3170 1062 3239 byl
1086 3171 1226 3223 Bohuslav
1245 3186 1260 3222 z
1279 3176 1339 3222 cest
1366 3187 1397 3222 se
1425 3170 1520 3231 vritur
1547 3170 1631 3239 pratil

184 3257 290 3325 pisatel,
310 3257 341 3310 ie
361 3263 443 3311 uzlev
457 3260 523 3326 nyni
542 3261 619 3328 posla
637 3276 669 3311 ze
683 3248 847 3312 Strasburlm
860 3258 976 3311 rozielel
996 3275 1026 3310 se
1041 3274 1138 3319 znova‚
1156 3274 1192 3310 an
1205 3255 1251 3324 byl
1267 3255 1305 3324 jiz
1317 3274 1334 3308 v
1348 3256 1512 3310 Bendtkach
1525 3274 1543 3310 o
1558 3255 1631 3311 smrti

185 3344 338 3397 Schottove
358 3363 387 3398 se
406 3346 530 3398 dovtdel.
551 3345 718 3412 Ureitejsiho
737 3347 801 3398 data
820 3345 897 3398 smrti
917 3347 1071 3412 Schottovy
1090 3344 1274 3397 nedoviddme
1293 3361 1324 3397 se
1336 3343 1382 3397 ani
1402 3343 1631 3399 zTrittenheirna

187 3432 244 3484 ›De
264 3431 443 3500 scriptoribus
463 3432 678 3485 ecclesiasticis«
704 3432 776 3500 (jenl
795 3433 879 3500 pravi,
898 3432 930 3484 le
949 3431 1050 3485 zernlel
1068 3449 1089 3484 r.
1110 3430 1178 3483 1490
1201 3430 1352 3485 indictione
1377 3448 1453 3484 nona
1472 3432 1546 3500 maje
1565 3432 1631 3485 rehu

183 3519 270 3572 sveho
288 3519 320 3571 31
341 3522 377 3573 let
396 3551 428 3559 -
447 3524 531 3574 avsalr
551 3520 666 3573 indictio
686 3537 759 3572 nona
778 3521 863 3587 spada
882 3537 917 3571 na
936 3537 956 3573 r.
977 3519 1063 3585 1401),
1082 3518 1127 3572 ani
1147 3518 1331 3587 ziivotopisu
1347 3518 1423 3586 jeho‚
1442 3519 1522 3588 ktery
1542 3520 1630 3573 lodtce

184 3607 265 3675 podal
284 3625 301 3659 v
314 3610 473 3678 pledmluvt
493 3610 536 3662 del
552 3609 619 3677 jeho
636 3607 723 3676 Jakub
743 3607 932 3675 Wirnpleling.
953 3610 976 3661 O
996 3606 1140 3661 adressatu
1159 3623 1250 3660 srovn.
1269 3623 1350 3676 pozn.
1369 3605 1464 3660 klistu
1485 3608 1508 3661 1.

885 3929 935 3988 ztu.

508 4082 727 4155 Bohuslav
758 4080 1022 4155 Viktorinovi
1050 4104 1099 4154 ze
1127 4080 1307 4155 Vsehrd.

252 4271 286 4338 (Ζ
307 4270 462 4328 Ηᾶοὶὄῑοίηιι
482 4271 537 4327 1491
557 4302 589 4310 -
610 4285 643 4327 na
662 4271 755 4337 zlmtt.)
776 4271 888 4324 Odestla
906 4288 941 4339 po
955 4271 1121 4323 mouleninu
1140 4269 1186 4323 list
1201 4268 1291 4337 jakp's
1304 4286 1323 4320 v
1335 4268 1499 4323 Benatktch
1513 4268 1531 4322 la
1543 4269 1631 4322 Vikto-

182 4359 271 4412 rinovi
291 4359 439 4427 obdrieni',
458 4360 600 4427 ponevadl
619 4360 679 4411 sam
698 4357 765 4426 nyni
785 4358 820 4410 do
835 4358 925 4425 Prahy
944 4356 1026 4427 plijiti
1046 4357 1171 4411 neratde.
1190 4357 1281 4423 (Nova
1299 4355 1379 4425 epist.
1397 4373 1460 4425 app.
1478 4354 1533 4423 42)

270 4554 311 4615 lll.
336 4555 504 4616 Victorino
528 4554 568 4615 dc
594 4551 748 4614 ll'ssehrd
764 4573 786 4612 s.
804 4552 833 4612 d.
858 4551 1005 4630 Quidam,
1030 4555 1118 4613 cuius
1138 4570 1257 4613 nomen
1273 4549 1348 4613 mihi
1364 4550 1492 4631 penitus
1508 4550 1631 4624 excidit,

183 4658 328 4720 Veneriis
351 4660 425 4719 mihi
450 4660 553 4720 literas
577 4657 617 4719 ad
642 4670 673 4720 te
696 4657 800 4718 dedit:
826 4657 882 4717 has
906 4659 1019 4717 iccirco
1043 4656 1098 4718 tibi
1123 4658 1246 4717 mittere
1268 4653 1381 4730 distuli,
1405 4657 1561 4737 quoniam
1583 4673 1632 4716 me

183 4763 371 4842 propediem
395 4763 482 4843 apud
506 4775 537 4823 te
562 4763 701 4822 futurum
726 4763 904 4841 sperabam.
927 4760 1069 4839 Quando
1092 4771 1200 4822 autem
1224 4758 1380 4838 profectio
1403 4777 1477 4821 mea
1499 4759 1632 4842 Pragam

182 4887 292 4929 versus
322 4867 529 4945 protenditur,
560 4865 690 4927 easdem
723 4867 829 4926 literas
860 4884 916 4943 per
946 4865 1030 4927 hunc
1053 4863 1204 4927 Maurum
1231 4874 1378 4926 nostrum
1404 4866 1514 4943 potius
1537 4881 1632 4945 quam

183 4972 375 5049 Aethiopem
399 4973 453 5031 tihi
471 4971 559 5031 reddi
582 4973 700 5042 curavi;
725 4972 796 5030 etsi
814 4968 891 5049 quid
915 4980 1079 5047 praeterea
1094 4982 1150 5041 est,
1175 4967 1264 5048 quod
1286 4968 1343 5029 tibi
1366 4968 1438 5028 usui
1454 4966 1633 5048 honorique

182 5097 251 5138 osse
275 5079 382 5156 possit,
406 5088 518 5154 putato
543 5095 593 5134 me
618 5094 689 5134 eum
715 5093 788 5155 erga
812 5085 843 5133 te
867 5092 946 5147 esse,
970 5076 1022 5153 qui
1047 5072 1161 5136 debeo.
1186 5072 1277 5133 Vale.
1297 5143 1307 5161 .

269 5280 389 5334 Vroeeni
409 5280 472 5333 listu
492 5280 590 5331 tohoto
607 5278 662 5346 jest
680 5296 758 5331 samo
778 5278 887 5348 zlejmd.
