<?xml version="1.0" encoding="UTF-8"?>
<!DOCTYPE html PUBLIC "-//W3C//DTD XHTML 1.0 Transitional//EN"
    "http://www.w3.org/TR/xhtml1/DTD/xhtml1-transitional.dtd">
<html xmlns="http://www.w3.org/1999/xhtml" xml:lang="en" lang="en">
 <head>
  <title>
</title>
<meta http-equiv="Content-Type" content="text/html;charset=utf-8" />
  <meta name='ocr-system' content='tesseract 3.04.00' />
  <meta name='ocr-capabilities' content='ocr_page ocr_carea ocr_par ocr_line ocrx_word'/>
</head>
<body>
  <div class='ocr_page' id='page_1' title='image "./listbohuslavaha00truhgoog_0041.png"; bbox 0 0 3660 5850; ppageno 0'>
   <div class='ocr_carea' id='block_1_1' title="bbox 184 351 963 413">
    <p class='ocr_par' dir='ltr' id='par_1_1' title="bbox 184 351 963 413">
     <span class='ocr_line' id='line_1_1' title="bbox 184 351 963 413; baseline 0.004 -7"><span class='ocrx_word' id='word_1_1' title='bbox 184 352 225 408; x_wconf 79' lang='lat'>18</span> <span class='ocrx_word' id='word_1_2' title='bbox 870 351 963 413; x_wconf 75' lang='lat'>1487.</span> 
     </span>
    </p>
   </div>
   <div class='ocr_carea' id='block_1_2' title="bbox 184 565 1640 1165">
    <p class='ocr_par' dir='ltr' id='par_1_2' title="bbox 184 565 1640 1165">
     <span class='ocr_line' id='line_1_2' title="bbox 185 565 1640 647; baseline -0.002 -18"><span class='ocrx_word' id='word_1_3' title='bbox 185 586 268 647; x_wconf 94' lang='lat' dir='ltr'>opus</span> <span class='ocrx_word' id='word_1_4' title='bbox 290 577 346 640; x_wconf 90' lang='lat' dir='ltr'>est,</span> <span class='ocrx_word' id='word_1_5' title='bbox 370 585 467 646; x_wconf 94' lang='lat' dir='ltr'>quem</span> <span class='ocrx_word' id='word_1_6' title='bbox 491 585 636 629; x_wconf 87' lang='lat' dir='ltr'>recusare</span> <span class='ocrx_word' id='word_1_7' title='bbox 658 585 718 646; x_wconf 91' lang='lat' dir='ltr'>pro</span> <span class='ocrx_word' id='word_1_8' title='bbox 741 568 833 628; x_wconf 89' lang='lat' dir='ltr'>amici</span> <span class='ocrx_word' id='word_1_9' title='bbox 864 565 965 629; x_wconf 90' lang='lat' dir='ltr'>salute</span> <span class='ocrx_word' id='word_1_10' title='bbox 995 566 1125 628; x_wconf 85' lang='lat' dir='ltr'>forsitan</span> <span class='ocrx_word' id='word_1_11' title='bbox 1155 568 1287 646; x_wconf 90' lang='lat' dir='ltr'>impium</span> <span class='ocrx_word' id='word_1_12' title='bbox 1311 577 1403 629; x_wconf 89' lang='lat' dir='ltr'>esset.</span> <span class='ocrx_word' id='word_1_13' title='bbox 1441 565 1544 629; x_wconf 89' lang='lat' dir='ltr'>Multa</span> <span class='ocrx_word' id='word_1_14' title='bbox 1566 576 1640 627; x_wconf 91' lang='lat' dir='ltr'>sunt</span> 
     </span>
     <span class='ocr_line' id='line_1_3' title="bbox 186 669 1637 752; baseline -0.001 -20"><span class='ocrx_word' id='word_1_15' title='bbox 186 671 254 745; x_wconf 90' lang='lat' dir='ltr'>alia,</span> <span class='ocrx_word' id='word_1_16' title='bbox 278 690 361 751; x_wconf 91' lang='lat' dir='ltr'>quae</span> <span class='ocrx_word' id='word_1_17' title='bbox 384 672 439 733; x_wconf 88' lang='lat' dir='ltr'>tibi</span> <span class='ocrx_word' id='word_1_18' title='bbox 456 671 593 732; x_wconf 90' lang='lat' dir='ltr'>scribere</span> <span class='ocrx_word' id='word_1_19' title='bbox 608 669 729 744; x_wconf 88' lang='lat' dir='ltr'>vellem,</span> <span class='ocrx_word' id='word_1_20' title='bbox 753 671 810 733; x_wconf 88' lang='lat' dir='ltr'>sed</span> <span class='ocrx_word' id='word_1_21' title='bbox 835 690 873 731; x_wconf 92' lang='lat' dir='ltr'>ea</span> <span class='ocrx_word' id='word_1_22' title='bbox 897 673 1011 748; x_wconf 88' lang='lat' dir='ltr'>partim</span> <span class='ocrx_word' id='word_1_23' title='bbox 1027 689 1069 731; x_wconf 86' lang='lat' dir='ltr'>ex</span> <span class='ocrx_word' id='word_1_24' title='bbox 1093 672 1209 732; x_wconf 91' lang='lat' dir='ltr'>nuncio</span> <span class='ocrx_word' id='word_1_25' title='bbox 1226 689 1410 752; x_wconf 80' lang='lat' dir='ltr'><strong>cognosces,</strong></span> <span class='ocrx_word' id='word_1_26' title='bbox 1433 672 1552 749; x_wconf 89' lang='lat' dir='ltr'>partim</span> <span class='ocrx_word' id='word_1_27' title='bbox 1567 690 1637 751; x_wconf 80' lang='lat' dir='ltr'>ego,</span> 
     </span>
     <span class='ocr_line' id='line_1_4' title="bbox 185 773 1639 853; baseline 0 -18"><span class='ocrx_word' id='word_1_28' title='bbox 185 777 239 836; x_wconf 91' lang='lat' dir='ltr'>uhi</span> <span class='ocrx_word' id='word_1_29' title='bbox 263 774 334 853; x_wconf 92' lang='lat' dir='ltr'>plus</span> <span class='ocrx_word' id='word_1_30' title='bbox 358 775 412 836; x_wconf 90' lang='lat' dir='ltr'>otii</span> <span class='ocrx_word' id='word_1_31' title='bbox 443 786 555 836; x_wconf 90' lang='lat' dir='ltr'>nactus</span> <span class='ocrx_word' id='word_1_32' title='bbox 577 775 675 847; x_wconf 84' lang='lat' dir='ltr'>suero,</span> <span class='ocrx_word' id='word_1_33' title='bbox 699 774 741 835; x_wconf 90' lang='lat' dir='ltr'>ad</span> <span class='ocrx_word' id='word_1_34' title='bbox 764 785 796 836; x_wconf 90' lang='lat' dir='ltr'>te</span> <span class='ocrx_word' id='word_1_35' title='bbox 819 775 964 836; x_wconf 88' lang='lat' dir='ltr'>scribam.</span> <span class='ocrx_word' id='word_1_36' title='bbox 996 773 1087 835; x_wconf 85' lang='lat' dir='ltr'>Vale.</span> <span class='ocrx_word' id='word_1_37' title='bbox 1123 774 1272 836; x_wconf 90' lang='lat' dir='ltr'>Parentes</span> <span class='ocrx_word' id='word_1_38' title='bbox 1295 793 1368 835; x_wconf 90' lang='lat' dir='ltr'>cum</span> <span class='ocrx_word' id='word_1_39' title='bbox 1392 773 1454 834; x_wconf 90' lang='lat' dir='ltr'>filia</span> <span class='ocrx_word' id='word_1_40' title='bbox 1478 783 1510 835; x_wconf 91' lang='lat' dir='ltr'>et</span> <span class='ocrx_word' id='word_1_41' title='bbox 1534 785 1639 852; x_wconf 79' lang='lat' dir='ltr'>nepte,</span> 
     </span>
     <span class='ocr_line' id='line_1_5' title="bbox 184 875 1639 961; baseline -0.001 -22"><span class='ocrx_word' id='word_1_42' title='bbox 184 897 304 961; x_wconf 84' lang='lat' dir='ltr'>genero</span> <span class='ocrx_word' id='word_1_43' title='bbox 333 889 365 940; x_wconf 90' lang='lat' dir='ltr'>et</span> <span class='ocrx_word' id='word_1_44' title='bbox 395 897 584 960; x_wconf 82' lang='lat' dir='ltr'>progenero,</span> <span class='ocrx_word' id='word_1_45' title='bbox 599 890 646 940; x_wconf 86' lang='lat' dir='ltr'>.et</span> <span class='ocrx_word' id='word_1_46' title='bbox 675 880 878 957; x_wconf 85' lang='lat' dir='ltr'>potissimum</span> <span class='ocrx_word' id='word_1_47' title='bbox 908 889 1034 957; x_wconf 90' lang='lat' dir='ltr'>patrem</span> <span class='ocrx_word' id='word_1_48' title='bbox 1064 897 1180 949; x_wconf 86' lang='lat' dir='ltr'>meum,</span> <span class='ocrx_word' id='word_1_49' title='bbox 1212 878 1381 942; x_wconf 88' lang='lat' dir='ltr'>doctorem</span> <span class='ocrx_word' id='word_1_50' title='bbox 1408 875 1639 958; x_wconf 85' lang='lat' dir='ltr'>Keysersherg,</span> 
     </span>
     <span class='ocr_line' id='line_1_6' title="bbox 184 980 1640 1063; baseline -0.002 -19"><span class='ocrx_word' id='word_1_51' title='bbox 184 982 303 1045; x_wconf 89' lang='lat' dir='ltr'>salvere</span> <span class='ocrx_word' id='word_1_52' title='bbox 322 983 409 1063; x_wconf 88' lang='lat' dir='ltr'>jube.</span> <span class='ocrx_word' id='word_1_53' title='bbox 438 980 622 1060; x_wconf 83' lang='lat' dir='ltr'>Stephanus</span> <span class='ocrx_word' id='word_1_54' title='bbox 645 1000 776 1061; x_wconf 91' lang='lat' dir='ltr'>quoque</span> <span class='ocrx_word' id='word_1_55' title='bbox 800 993 831 1042; x_wconf 89' lang='lat' dir='ltr'>et</span> <span class='ocrx_word' id='word_1_56' title='bbox 854 982 880 1043; x_wconf 93' lang='lat' dir='ltr'>F</span> <span class='ocrx_word' id='word_1_57' title='bbox 882 981 1033 1042; x_wconf 90' lang='lat' dir='ltr'>ridericus</span> <span class='ocrx_word' id='word_1_58' title='bbox 1056 993 1087 1043; x_wconf 91' lang='lat' dir='ltr'>te</span> <span class='ocrx_word' id='word_1_59' title='bbox 1111 1000 1307 1063; x_wconf 82' lang='lat' dir='ltr'><strong>magnopere</strong></span> <span class='ocrx_word' id='word_1_60' title='bbox 1330 980 1449 1043; x_wconf 92' lang='lat' dir='ltr'>salvere</span> <span class='ocrx_word' id='word_1_61' title='bbox 1468 981 1640 1061; x_wconf 88' lang='lat' dir='ltr'>jusserunt.</span> 
     </span>
     <span class='ocr_line' id='line_1_7' title="bbox 185 1083 1640 1165; baseline -0.003 -17"><span class='ocrx_word' id='word_1_62' title='bbox 185 1085 304 1148; x_wconf 91' lang='lat' dir='ltr'>Iterum</span> <span class='ocrx_word' id='word_1_63' title='bbox 319 1085 396 1147; x_wconf 90' lang='lat' dir='ltr'>vale.</span> <span class='ocrx_word' id='word_1_64' title='bbox 421 1085 471 1146; x_wconf 87' lang='lat' dir='ltr'>Ex</span> <span class='ocrx_word' id='word_1_65' title='bbox 489 1086 711 1163; x_wconf 84' lang='lat' dir='ltr'>llassensteyn</span> <span class='ocrx_word' id='word_1_66' title='bbox 734 1087 755 1147; x_wconf 78' lang='lat'>4</span> <span class='ocrx_word' id='word_1_67' title='bbox 771 1086 842 1146; x_wconf 90' lang='lat' dir='ltr'>idus</span> <span class='ocrx_word' id='word_1_68' title='bbox 859 1084 995 1165; x_wconf 79' lang='lat' dir='ltr'>Augusti</span> <span class='ocrx_word' id='word_1_69' title='bbox 1012 1104 1097 1145; x_wconf 91' lang='lat' dir='ltr'>anno</span> <span class='ocrx_word' id='word_1_70' title='bbox 1113 1097 1186 1163; x_wconf 88' lang='lat' dir='ltr'>post</span> <span class='ocrx_word' id='word_1_71' title='bbox 1204 1097 1313 1146; x_wconf 90' lang='lat' dir='ltr'>natum</span> <span class='ocrx_word' id='word_1_72' title='bbox 1330 1083 1529 1147; x_wconf 88' lang='lat' dir='ltr'>Salvatorem</span> <span class='ocrx_word' id='word_1_73' title='bbox 1550 1085 1640 1147; x_wconf 71' lang='lat'>1487.</span> 
     </span>
    </p>
   </div>
   <div class='ocr_carea' id='block_1_3' title="bbox 184 1271 1643 2295">
    <p class='ocr_par' dir='ltr' id='par_1_3' title="bbox 184 1271 1643 2295">
     <span class='ocr_line' id='line_1_8' title="bbox 274 1271 1643 1342; baseline -0.003 -15"><span class='ocrx_word' id='word_1_74' title='bbox 274 1273 416 1342; x_wconf 67' lang='lat' dir='ltr'>Vpl‘ldine</span> <span class='ocrx_word' id='word_1_75' title='bbox 436 1273 563 1326; x_wconf 75' lang='lat' dir='ltr'>zminene</span> <span class='ocrx_word' id='word_1_76' title='bbox 582 1291 599 1324; x_wconf 94' lang='lat' dir='ltr'>v</span> <span class='ocrx_word' id='word_1_77' title='bbox 613 1273 677 1326; x_wconf 86' lang='lat' dir='ltr'>listu</span> <span class='ocrx_word' id='word_1_78' title='bbox 696 1272 807 1326; x_wconf 77' lang='lat' dir='ltr'>rdzniee</span> <span class='ocrx_word' id='word_1_79' title='bbox 827 1273 898 1325; x_wconf 89' lang='lat' dir='ltr'>mezi</span> <span class='ocrx_word' id='word_1_80' title='bbox 918 1272 1042 1325; x_wconf 84' lang='lat' dir='ltr'>bratlimi</span> <span class='ocrx_word' id='word_1_81' title='bbox 1055 1290 1070 1325; x_wconf 92' lang='lat' dir='ltr'>z</span> <span class='ocrx_word' id='word_1_82' title='bbox 1085 1271 1228 1325; x_wconf 81' lang='lat' dir='ltr'>Loblrovic</span> <span class='ocrx_word' id='word_1_83' title='bbox 1247 1271 1457 1340; x_wconf 73' lang='lat' dir='ltr'>piipominame.</span> <span class='ocrx_word' id='word_1_84' title='bbox 1476 1273 1507 1324; x_wconf 75' lang='lat' dir='ltr'>ie</span> <span class='ocrx_word' id='word_1_85' title='bbox 1522 1273 1643 1340; x_wconf 74' lang='lat' dir='ltr'>zapsana</span> 
     </span>
     <span class='ocr_line' id='line_1_9' title="bbox 184 1357 1641 1429; baseline -0.003 -15"><span class='ocrx_word' id='word_1_86' title='bbox 184 1361 241 1429; x_wconf 84' lang='lat' dir='ltr'>jest</span> <span class='ocrx_word' id='word_1_87' title='bbox 259 1379 275 1412; x_wconf 95' lang='lat' dir='ltr'>v</span> <span class='ocrx_word' id='word_1_88' title='bbox 288 1360 440 1429; x_wconf 85' lang='lat' dir='ltr'>registreeh</span> <span class='ocrx_word' id='word_1_89' title='bbox 461 1362 549 1414; x_wconf 89' lang='lat' dir='ltr'>soudu</span> <span class='ocrx_word' id='word_1_90' title='bbox 574 1361 738 1413; x_wconf 87' lang='lat' dir='ltr'>komorniho</span> <span class='ocrx_word' id='word_1_91' title='bbox 757 1378 772 1413; x_wconf 92' lang='lat' dir='ltr'>z</span> <span class='ocrx_word' id='word_1_92' title='bbox 790 1378 810 1412; x_wconf 91' lang='lat' dir='ltr'>r.</span> <span class='ocrx_word' id='word_1_93' title='bbox 831 1361 898 1411; x_wconf 70' lang='lat' dir='ltr'>llil)</span> <span class='ocrx_word' id='word_1_94' title='bbox 916 1362 951 1423; x_wconf 76' lang='lat' dir='ltr'>(tt,</span> <span class='ocrx_word' id='word_1_95' title='bbox 971 1361 1081 1426; x_wconf 65' lang='lat' dir='ltr'>lrvetnal</span> <span class='ocrx_word' id='word_1_96' title='bbox 1106 1360 1235 1426; x_wconf 66' lang='lat' dir='ltr'>vypoved</span> <span class='ocrx_word' id='word_1_97' title='bbox 1259 1359 1402 1411; x_wconf 72' lang='lat' dir='ltr'>krilovslta</span> <span class='ocrx_word' id='word_1_98' title='bbox 1427 1358 1498 1410; x_wconf 89' lang='lat' dir='ltr'>mezi</span> <span class='ocrx_word' id='word_1_99' title='bbox 1518 1357 1641 1410; x_wconf 73' lang='lat' dir='ltr'>bratlimi</span> 
     </span>
     <span class='ocr_line' id='line_1_10' title="bbox 188 1444 1641 1516; baseline -0.002 -16"><span class='ocrx_word' id='word_1_100' title='bbox 188 1446 360 1500; x_wconf 87' lang='lat' dir='ltr'>zLobkovic</span> <span class='ocrx_word' id='word_1_101' title='bbox 383 1448 481 1516; x_wconf 91' lang='lat' dir='ltr'>Janem</span> <span class='ocrx_word' id='word_1_102' title='bbox 501 1466 514 1499; x_wconf 88' lang='lat' dir='ltr'>s</span> <span class='ocrx_word' id='word_1_103' title='bbox 531 1447 613 1514; x_wconf 76' lang='lat' dir='ltr'>jedne</span> <span class='ocrx_word' id='word_1_104' title='bbox 633 1465 649 1499; x_wconf 87' lang='lat' dir='ltr'>a</span> <span class='ocrx_word' id='word_1_105' title='bbox 668 1447 830 1499; x_wconf 75' lang='lat' dir='ltr'>Milultsem</span> <span class='ocrx_word' id='word_1_106' title='bbox 859 1447 1078 1498; x_wconf 78' lang='lat' dir='ltr'>allohuslavem</span> <span class='ocrx_word' id='word_1_107' title='bbox 1099 1465 1112 1496; x_wconf 90' lang='lat' dir='ltr'>s</span> <span class='ocrx_word' id='word_1_108' title='bbox 1131 1446 1217 1498; x_wconf 75' lang='lat' dir='ltr'>druhe</span> <span class='ocrx_word' id='word_1_109' title='bbox 1244 1456 1339 1513; x_wconf 90' lang='lat' dir='ltr'>strany</span> <span class='ocrx_word' id='word_1_110' title='bbox 1364 1447 1496 1498; x_wconf 88' lang='lat' dir='ltr'>oKadah</span> <span class='ocrx_word' id='word_1_111' title='bbox 1521 1444 1641 1511; x_wconf 86' lang='lat' dir='ltr'>(srovnej</span> 
     </span>
     <span class='ocr_line' id='line_1_11' title="bbox 185 1520 1641 1601; baseline -0.001 -16"><span class='ocrx_word' id='word_1_112' title='bbox 185 1533 289 1586; x_wconf 85' lang='lat' dir='ltr'>Archiv</span> <span class='ocrx_word' id='word_1_113' title='bbox 308 1520 398 1601; x_wconf 63' lang='lat' dir='ltr'>Ceslry</span> <span class='ocrx_word' id='word_1_114' title='bbox 417 1535 471 1595; x_wconf 74' lang='lat' dir='ltr'>lx,</span> <span class='ocrx_word' id='word_1_115' title='bbox 490 1534 560 1600; x_wconf 65' lang='lat' dir='ltr'>libii),</span> <span class='ocrx_word' id='word_1_116' title='bbox 580 1535 677 1587; x_wconf 86' lang='lat' dir='ltr'>kterou</span> <span class='ocrx_word' id='word_1_117' title='bbox 697 1534 834 1601; x_wconf 58' lang='lat' dir='ltr'>vipovedi</span> <span class='ocrx_word' id='word_1_118' title='bbox 853 1543 931 1600; x_wconf 88' lang='lat' dir='ltr'>teprv</span> <span class='ocrx_word' id='word_1_119' title='bbox 951 1551 1015 1600; x_wconf 92' lang='lat' dir='ltr'>spor</span> <span class='ocrx_word' id='word_1_120' title='bbox 1033 1533 1078 1601; x_wconf 82' lang='lat' dir='ltr'>byl</span> <span class='ocrx_word' id='word_1_121' title='bbox 1097 1533 1214 1586; x_wconf 83' lang='lat' dir='ltr'>uklizen.</span> <span class='ocrx_word' id='word_1_122' title='bbox 1234 1533 1405 1585; x_wconf 88' lang='lat' dir='ltr'>Pozdravenl</span> <span class='ocrx_word' id='word_1_123' title='bbox 1425 1550 1461 1585; x_wconf 91' lang='lat' dir='ltr'>na</span> <span class='ocrx_word' id='word_1_124' title='bbox 1480 1531 1562 1584; x_wconf 87' lang='lat' dir='ltr'>konci</span> <span class='ocrx_word' id='word_1_125' title='bbox 1578 1532 1641 1584; x_wconf 87' lang='lat' dir='ltr'>listu</span> 
     </span>
     <span class='ocr_line' id='line_1_12' title="bbox 185 1606 1640 1688; baseline -0.001 -17"><span class='ocrx_word' id='word_1_126' title='bbox 185 1619 331 1673; x_wconf 89' lang='lat' dir='ltr'>Schottovi</span> <span class='ocrx_word' id='word_1_127' title='bbox 351 1620 505 1687; x_wconf 82' lang='lat' dir='ltr'>vzlrazujlci</span> <span class='ocrx_word' id='word_1_128' title='bbox 522 1620 585 1688; x_wconf 89' lang='lat' dir='ltr'>jsou</span> <span class='ocrx_word' id='word_1_129' title='bbox 605 1621 715 1688; x_wconf 77' lang='lat' dir='ltr'>lrrajane</span> <span class='ocrx_word' id='word_1_130' title='bbox 732 1619 798 1687; x_wconf 90' lang='lat' dir='ltr'>jeho</span> <span class='ocrx_word' id='word_1_131' title='bbox 819 1606 921 1687; x_wconf 72' lang='lat' dir='ltr'>Stepan</span> <span class='ocrx_word' id='word_1_132' title='bbox 942 1621 1006 1672; x_wconf 90' lang='lat' dir='ltr'>Piso</span> <span class='ocrx_word' id='word_1_133' title='bbox 1025 1637 1041 1672; x_wconf 89' lang='lat' dir='ltr'>a</span> <span class='ocrx_word' id='word_1_134' title='bbox 1061 1620 1185 1672; x_wconf 88' lang='lat' dir='ltr'>Fridrich</span> <span class='ocrx_word' id='word_1_135' title='bbox 1205 1621 1320 1672; x_wconf 88' lang='lat' dir='ltr'>Busner.</span> <span class='ocrx_word' id='word_1_136' title='bbox 1339 1620 1452 1672; x_wconf 78' lang='lat' dir='ltr'>Posleze</span> <span class='ocrx_word' id='word_1_137' title='bbox 1470 1618 1640 1686; x_wconf 61' lang='lat' dir='ltr'>J&#39;menovany</span> 
     </span>
     <span class='ocr_line' id='line_1_13' title="bbox 186 1706 1641 1775; baseline -0.001 -18"><span class='ocrx_word' id='word_1_138' title='bbox 186 1706 231 1774; x_wconf 94' lang='lat' dir='ltr'>byl</span> <span class='ocrx_word' id='word_1_139' title='bbox 251 1708 412 1775; x_wconf 70' lang='lat' dir='ltr'>prdvodclm</span> <span class='ocrx_word' id='word_1_140' title='bbox 433 1707 515 1759; x_wconf 88' lang='lat' dir='ltr'>Petra</span> <span class='ocrx_word' id='word_1_141' title='bbox 534 1708 651 1760; x_wconf 84' lang='lat' dir='ltr'>Schotta</span> <span class='ocrx_word' id='word_1_142' title='bbox 671 1724 706 1759; x_wconf 91' lang='lat' dir='ltr'>na</span> <span class='ocrx_word' id='word_1_143' title='bbox 726 1706 847 1759; x_wconf 90' lang='lat' dir='ltr'>studilch</span> <span class='ocrx_word' id='word_1_144' title='bbox 867 1725 884 1757; x_wconf 91' lang='lat' dir='ltr'>v</span> <span class='ocrx_word' id='word_1_145' title='bbox 903 1708 1022 1760; x_wconf 88' lang='lat' dir='ltr'>Bononii</span> <span class='ocrx_word' id='word_1_146' title='bbox 1041 1711 1142 1774; x_wconf 87' lang='lat' dir='ltr'>(srovn.</span> <span class='ocrx_word' id='word_1_147' title='bbox 1162 1707 1207 1758; x_wconf 88' lang='lat' dir='ltr'>list</span> <span class='ocrx_word' id='word_1_148' title='bbox 1223 1706 1290 1773; x_wconf 87' lang='lat' dir='ltr'>jeho</span> <span class='ocrx_word' id='word_1_149' title='bbox 1309 1708 1354 1759; x_wconf 84' lang='lat'>11¹.</span> <span class='ocrx_word' id='word_1_150' title='bbox 1374 1706 1435 1759; x_wconf 89' lang='lat' dir='ltr'>idus</span> <span class='ocrx_word' id='word_1_151' title='bbox 1455 1707 1535 1758; x_wconf 85' lang='lat' dir='ltr'>Mart.</span> <span class='ocrx_word' id='word_1_152' title='bbox 1556 1706 1641 1769; x_wconf 72' lang='lat' dir='ltr'>trau),</span> 
     </span>
     <span class='ocr_line' id='line_1_14' title="bbox 186 1781 1641 1862; baseline 0 -17"><span class='ocrx_word' id='word_1_153' title='bbox 186 1800 281 1860; x_wconf 82' lang='lat' dir='ltr'>potorn</span> <span class='ocrx_word' id='word_1_154' title='bbox 308 1792 421 1862; x_wconf 71' lang='lat' dir='ltr'>inejspis</span> <span class='ocrx_word' id='word_1_155' title='bbox 447 1793 481 1845; x_wconf 95' lang='lat' dir='ltr'>od</span> <span class='ocrx_word' id='word_1_156' title='bbox 508 1794 642 1862; x_wconf 65' lang='lat' dir='ltr'>navatevy</span> <span class='ocrx_word' id='word_1_157' title='bbox 663 1781 839 1846; x_wconf 76' lang='lat' dir='ltr'>Strasburste</span> <span class='ocrx_word' id='word_1_158' title='bbox 859 1812 879 1846; x_wconf 92' lang='lat' dir='ltr'>r.</span> <span class='ocrx_word' id='word_1_159' title='bbox 900 1793 966 1845; x_wconf 61' lang='lat' dir='ltr'>ltro</span> <span class='ocrx_word' id='word_1_160' title='bbox 985 1811 1001 1846; x_wconf 88' lang='lat' dir='ltr'>a</span> <span class='ocrx_word' id='word_1_161' title='bbox 1018 1794 1081 1861; x_wconf 70' lang='lat' dir='ltr'>jiste</span> <span class='ocrx_word' id='word_1_162' title='bbox 1098 1793 1134 1860; x_wconf 70' lang='lat' dir='ltr'>jir</span> <span class='ocrx_word' id='word_1_163' title='bbox 1163 1794 1197 1845; x_wconf 95' lang='lat' dir='ltr'>od</span> <span class='ocrx_word' id='word_1_164' title='bbox 1217 1793 1364 1861; x_wconf 80' lang='lat' dir='ltr'>podzimlru</span> <span class='ocrx_word' id='word_1_165' title='bbox 1391 1792 1458 1844; x_wconf 69' lang='lat' dir='ltr'>rtur}</span> <span class='ocrx_word' id='word_1_166' title='bbox 1476 1793 1558 1860; x_wconf 87' lang='lat' dir='ltr'>podle</span> <span class='ocrx_word' id='word_1_167' title='bbox 1577 1792 1641 1846; x_wconf 91' lang='lat' dir='ltr'>listu</span> 
     </span>
     <span class='ocr_line' id='line_1_15' title="bbox 184 1879 1642 1948; baseline -0.002 -15"><span class='ocrx_word' id='word_1_168' title='bbox 184 1881 337 1934; x_wconf 84' lang='lat' dir='ltr'>Schottova</span> <span class='ocrx_word' id='word_1_169' title='bbox 356 1881 373 1932; x_wconf 90' lang='lat' dir='ltr'>k</span> <span class='ocrx_word' id='word_1_170' title='bbox 392 1881 529 1932; x_wconf 90' lang='lat' dir='ltr'>Moserovi</span> <span class='ocrx_word' id='word_1_171' title='bbox 557 1881 667 1932; x_wconf 77' lang='lat' dir='ltr'>daneho</span> <span class='ocrx_word' id='word_1_172' title='bbox 692 1881 724 1932; x_wconf 94' lang='lat' dir='ltr'>V.</span> <span class='ocrx_word' id='word_1_173' title='bbox 744 1881 795 1933; x_wconf 85' lang='lat' dir='ltr'>kal.</span> <span class='ocrx_word' id='word_1_174' title='bbox 822 1882 891 1933; x_wconf 86' lang='lat' dir='ltr'>Nov.</span> <span class='ocrx_word' id='word_1_175' title='bbox 914 1880 989 1946; x_wconf 67' lang='lat' dir='ltr'>listi)</span> <span class='ocrx_word' id='word_1_176' title='bbox 1014 1881 1046 1933; x_wconf 77' lang='lat' dir='ltr'>ai</span> <span class='ocrx_word' id='word_1_177' title='bbox 1074 1882 1110 1933; x_wconf 91' lang='lat' dir='ltr'>do</span> <span class='ocrx_word' id='word_1_178' title='bbox 1135 1881 1183 1931; x_wconf 77' lang='lat' dir='ltr'>sve</span> <span class='ocrx_word' id='word_1_179' title='bbox 1209 1880 1361 1948; x_wconf 65' lang='lat' dir='ltr'>pteddasne</span> <span class='ocrx_word' id='word_1_180' title='bbox 1387 1879 1465 1932; x_wconf 88' lang='lat' dir='ltr'>smrti</span> <span class='ocrx_word' id='word_1_181' title='bbox 1484 1879 1553 1932; x_wconf 85' lang='lat' dir='ltr'>rolru</span> <span class='ocrx_word' id='word_1_182' title='bbox 1574 1879 1642 1930; x_wconf 73' lang='lat' dir='ltr'>tuh&gt;</span> 
     </span>
     <span class='ocr_line' id='line_1_16' title="bbox 188 1955 1641 2036; baseline -0.001 -18"><span class='ocrx_word' id='word_1_183' title='bbox 188 1966 234 2035; x_wconf 92' lang='lat' dir='ltr'>byl</span> <span class='ocrx_word' id='word_1_184' title='bbox 255 1985 270 2018; x_wconf 93' lang='lat' dir='ltr'>v</span> <span class='ocrx_word' id='word_1_185' title='bbox 284 1966 398 2021; x_wconf 72' lang='lat' dir='ltr'>druiine</span> <span class='ocrx_word' id='word_1_186' title='bbox 418 1968 620 2020; x_wconf 74' lang='lat' dir='ltr'>Bohuslavove.</span> <span class='ocrx_word' id='word_1_187' title='bbox 646 1955 797 2036; x_wconf 72' lang='lat' dir='ltr'>Stepanovi</span> <span class='ocrx_word' id='word_1_188' title='bbox 817 1967 948 2020; x_wconf 84' lang='lat' dir='ltr'>Pisonovi</span> <span class='ocrx_word' id='word_1_189' title='bbox 975 1968 1056 2020; x_wconf 80' lang='lat' dir='ltr'>svetil</span> <span class='ocrx_word' id='word_1_190' title='bbox 1076 1968 1216 2020; x_wconf 75' lang='lat' dir='ltr'>bohuslav</span> <span class='ocrx_word' id='word_1_191' title='bbox 1240 1965 1374 2035; x_wconf 73' lang='lat' dir='ltr'>vydavaje</span> <span class='ocrx_word' id='word_1_192' title='bbox 1394 1983 1423 2018; x_wconf 89' lang='lat' dir='ltr'>se</span> <span class='ocrx_word' id='word_1_193' title='bbox 1444 1982 1479 2018; x_wconf 91' lang='lat' dir='ltr'>na</span> <span class='ocrx_word' id='word_1_194' title='bbox 1499 1975 1577 2019; x_wconf 90' lang='lat' dir='ltr'>cestu</span> <span class='ocrx_word' id='word_1_195' title='bbox 1597 1969 1641 2034; x_wconf 60' lang='lat' dir='ltr'>vy·</span> 
     </span>
     <span class='ocr_line' id='line_1_17' title="bbox 184 2052 1641 2122; baseline 0 -17"><span class='ocrx_word' id='word_1_196' title='bbox 184 2053 287 2105; x_wconf 85' lang='lat' dir='ltr'>chodni</span> <span class='ocrx_word' id='word_1_197' title='bbox 307 2071 375 2107; x_wconf 87' lang='lat' dir='ltr'>svou</span> <span class='ocrx_word' id='word_1_198' title='bbox 395 2053 579 2116; x_wconf 80' lang='lat' dir='ltr'>bibliothetu;</span> <span class='ocrx_word' id='word_1_199' title='bbox 607 2063 701 2122; x_wconf 88' lang='lat' dir='ltr'>potom</span> <span class='ocrx_word' id='word_1_200' title='bbox 721 2054 787 2121; x_wconf 88' lang='lat' dir='ltr'>brzy</span> <span class='ocrx_word' id='word_1_201' title='bbox 811 2055 937 2122; x_wconf 78' lang='lat' dir='ltr'>vsechny</span> <span class='ocrx_word' id='word_1_202' title='bbox 964 2055 1067 2122; x_wconf 76' lang='lat' dir='ltr'>zpravy</span> <span class='ocrx_word' id='word_1_203' title='bbox 1091 2072 1108 2106; x_wconf 95' lang='lat' dir='ltr'>o</span> <span class='ocrx_word' id='word_1_204' title='bbox 1128 2058 1190 2107; x_wconf 73' lang='lat' dir='ltr'>nem</span> <span class='ocrx_word' id='word_1_205' title='bbox 1217 2053 1343 2121; x_wconf 84' lang='lat' dir='ltr'>zanikajt.</span> <span class='ocrx_word' id='word_1_206' title='bbox 1375 2052 1501 2121; x_wconf 71' lang='lat' dir='ltr'>Nejsptee</span> <span class='ocrx_word' id='word_1_207' title='bbox 1527 2053 1590 2105; x_wconf 72' lang='lat' dir='ltr'>take</span> <span class='ocrx_word' id='word_1_208' title='bbox 1609 2070 1641 2105; x_wconf 89' lang='lat' dir='ltr'>za</span> 
     </span>
     <span class='ocr_line' id='line_1_18' title="bbox 185 2140 1640 2210; baseline -0.001 -18"><span class='ocrx_word' id='word_1_209' title='bbox 185 2141 325 2193; x_wconf 89' lang='lat' dir='ltr'>nedlouho</span> <span class='ocrx_word' id='word_1_210' title='bbox 343 2142 454 2204; x_wconf 75' lang='lat' dir='ltr'>zeml‘el,</span> <span class='ocrx_word' id='word_1_211' title='bbox 476 2140 522 2208; x_wconf 88' lang='lat' dir='ltr'>jak</span> <span class='ocrx_word' id='word_1_212' title='bbox 549 2142 643 2193; x_wconf 74' lang='lat' dir='ltr'>svedcl</span> <span class='ocrx_word' id='word_1_213' title='bbox 669 2141 839 2209; x_wconf 84' lang='lat' dir='ltr'>epitaphium</span> <span class='ocrx_word' id='word_1_214' title='bbox 864 2159 897 2194; x_wconf 92' lang='lat' dir='ltr'>ve</span> <span class='ocrx_word' id='word_1_215' title='bbox 918 2142 991 2194; x_wconf 84' lang='lat' dir='ltr'>Farr.</span> <span class='ocrx_word' id='word_1_216' title='bbox 1010 2159 1100 2210; x_wconf 87' lang='lat' dir='ltr'>poem.</span> <span class='ocrx_word' id='word_1_217' title='bbox 1126 2158 1162 2194; x_wconf 89' lang='lat' dir='ltr'>na</span> <span class='ocrx_word' id='word_1_218' title='bbox 1180 2150 1227 2194; x_wconf 88' lang='lat' dir='ltr'>str.</span> <span class='ocrx_word' id='word_1_219' title='bbox 1245 2141 1286 2193; x_wconf 75' lang='lat' dir='ltr'>lib.</span> <span class='ocrx_word' id='word_1_220' title='bbox 1307 2140 1476 2209; x_wconf 73' lang='lat' dir='ltr'>snapisem:</span> <span class='ocrx_word' id='word_1_221' title='bbox 1506 2140 1640 2208; x_wconf 84' lang='lat' dir='ltr'>Stephani</span> 
     </span>
     <span class='ocr_line' id='line_1_19' title="bbox 185 2226 1151 2295; baseline 0.002 -17"><span class='ocrx_word' id='word_1_222' title='bbox 185 2226 297 2279; x_wconf 84' lang='lat' dir='ltr'>Pisonis</span> <span class='ocrx_word' id='word_1_223' title='bbox 315 2226 459 2279; x_wconf 85' lang='lat' dir='ltr'>familiaris</span> <span class='ocrx_word' id='word_1_224' title='bbox 477 2226 528 2290; x_wconf 85' lang='lat' dir='ltr'>sui,</span> <span class='ocrx_word' id='word_1_225' title='bbox 548 2245 565 2277; x_wconf 96' lang='lat' dir='ltr'>v</span> <span class='ocrx_word' id='word_1_226' title='bbox 579 2227 659 2279; x_wconf 73' lang='lat' dir='ltr'>nemi</span> <span class='ocrx_word' id='word_1_227' title='bbox 679 2227 772 2279; x_wconf 72' lang='lat' dir='ltr'>naraii</span> <span class='ocrx_word' id='word_1_228' title='bbox 791 2245 821 2278; x_wconf 89' lang='lat' dir='ltr'>se</span> <span class='ocrx_word' id='word_1_229' title='bbox 841 2244 877 2279; x_wconf 88' lang='lat' dir='ltr'>na</span> <span class='ocrx_word' id='word_1_230' title='bbox 893 2227 959 2294; x_wconf 89' lang='lat' dir='ltr'>jeho</span> <span class='ocrx_word' id='word_1_231' title='bbox 979 2229 1071 2295; x_wconf 62' lang='lat' dir='ltr'>mladv</span> <span class='ocrx_word' id='word_1_232' title='bbox 1091 2228 1151 2280; x_wconf 76' lang='lat' dir='ltr'>velt.</span> 
     </span>
    </p>
   </div>
   <div class='ocr_carea' id='block_1_4' title="bbox 610 2510 1219 2719">
    <p class='ocr_par' dir='ltr' id='par_1_4' title="bbox 610 2510 1219 2719">
     <span class='ocr_line' id='line_1_20' title="bbox 887 2510 933 2570; baseline -0.043 0"><span class='ocrx_word' id='word_1_233' title='bbox 887 2510 933 2570; x_wconf 81' lang='lat' dir='ltr'>li.</span> 
     </span>
     <span class='ocr_line' id='line_1_21' title="bbox 610 2644 1219 2719; baseline -0.002 -2"><span class='ocrx_word' id='word_1_234' title='bbox 610 2648 709 2718; x_wconf 90' lang='lat' dir='ltr'>Petr</span> <span class='ocrx_word' id='word_1_235' title='bbox 738 2646 886 2719; x_wconf 89' lang='lat' dir='ltr'>Schott</span> <span class='ocrx_word' id='word_1_236' title='bbox 915 2644 1219 2718; x_wconf 89' lang='lat' dir='ltr'>Bohuslavovi.</span> 
     </span>
    </p>
   </div>
   <div class='ocr_carea' id='block_1_5' title="bbox 275 2796 1639 2883">
    <p class='ocr_par' dir='ltr' id='par_1_5' title="bbox 275 2796 1639 2883">
     <span class='ocr_line' id='line_1_22' title="bbox 275 2796 1639 2883; baseline -0.002 -13"><span class='ocrx_word' id='word_1_237' title='bbox 275 2816 313 2871; x_wconf 79' lang='grc' dir='ltr'>Ζο</span> <span class='ocrx_word' id='word_1_238' title='bbox 333 2796 499 2872; x_wconf 64' lang='grc' dir='ltr'>ἐίηεῦυτὶιι</span> <span class='ocrx_word' id='word_1_239' title='bbox 527 2815 594 2871; x_wconf 71' lang='lat' dir='ltr'>tw?</span> <span class='ocrx_word' id='word_1_240' title='bbox 618 2846 651 2854; x_wconf 93' lang='lat'>-</span> <span class='ocrx_word' id='word_1_241' title='bbox 677 2816 713 2872; x_wconf 83' lang='grc'>10.</span> <span class='ocrx_word' id='word_1_242' title='bbox 738 2815 803 2871; x_wconf 63' lang='lat' dir='ltr'>zail-</span> <span class='ocrx_word' id='word_1_243' title='bbox 835 2817 940 2883; x_wconf 73' lang='lat' dir='ltr'>Deliuje</span> <span class='ocrx_word' id='word_1_244' title='bbox 965 2834 997 2867; x_wconf 90' lang='lat' dir='ltr'>za</span> <span class='ocrx_word' id='word_1_245' title='bbox 1026 2816 1070 2868; x_wconf 89' lang='lat' dir='ltr'>list</span> <span class='ocrx_word' id='word_1_246' title='bbox 1089 2833 1105 2867; x_wconf 88' lang='lat' dir='ltr'>a</span> <span class='ocrx_word' id='word_1_247' title='bbox 1124 2833 1156 2868; x_wconf 91' lang='lat' dir='ltr'>za</span> <span class='ocrx_word' id='word_1_248' title='bbox 1179 2817 1246 2882; x_wconf 74' lang='lat' dir='ltr'>clary</span> <span class='ocrx_word' id='word_1_249' title='bbox 1272 2815 1386 2883; x_wconf 76' lang='lat' dir='ltr'>iposila</span> <span class='ocrx_word' id='word_1_250' title='bbox 1412 2815 1460 2866; x_wconf 71' lang='lat' dir='ltr'>sve</span> <span class='ocrx_word' id='word_1_251' title='bbox 1486 2815 1639 2882; x_wconf 72' lang='lat' dir='ltr'>navzlrjem.</span> 
     </span>
    </p>
   </div>
   <div class='ocr_carea' id='block_1_6' title="bbox 186 2900 1640 3058">
    <p class='ocr_par' dir='ltr' id='par_1_6' title="bbox 186 2900 1640 3058">
     <span class='ocr_line' id='line_1_23' title="bbox 186 2900 1640 2971; baseline 0 -17"><span class='ocrx_word' id='word_1_252' title='bbox 186 2902 331 2969; x_wconf 77' lang='lat' dir='ltr'>Plihllleje</span> <span class='ocrx_word' id='word_1_253' title='bbox 350 2903 486 2956; x_wconf 75' lang='lat' dir='ltr'>kiadosti</span> <span class='ocrx_word' id='word_1_254' title='bbox 507 2903 709 2965; x_wconf 75' lang='lat' dir='ltr'>Bohuslavove,</span> <span class='ocrx_word' id='word_1_255' title='bbox 729 2903 782 2971; x_wconf 87' lang='lat' dir='ltr'>aby</span> <span class='ocrx_word' id='word_1_256' title='bbox 802 2920 847 2955; x_wconf 92' lang='lat' dir='ltr'>mu</span> <span class='ocrx_word' id='word_1_257' title='bbox 862 2904 956 2970; x_wconf 89' lang='lat' dir='ltr'>napsal</span> <span class='ocrx_word' id='word_1_258' title='bbox 977 2904 1076 2961; x_wconf 80' lang='lat' dir='ltr'>miverl,</span> <span class='ocrx_word' id='word_1_259' title='bbox 1096 2901 1190 2954; x_wconf 80' lang='lat' dir='ltr'>lieral</span> <span class='ocrx_word' id='word_1_260' title='bbox 1210 2901 1246 2969; x_wconf 91' lang='lat' dir='ltr'>by</span> <span class='ocrx_word' id='word_1_261' title='bbox 1260 2902 1313 2953; x_wconf 71' lang='lat' dir='ltr'>mel</span> <span class='ocrx_word' id='word_1_262' title='bbox 1334 2900 1379 2952; x_wconf 70' lang='lat' dir='ltr'>itti</span> <span class='ocrx_word' id='word_1_263' title='bbox 1398 2918 1416 2952; x_wconf 96' lang='lat' dir='ltr'>u</span> <span class='ocrx_word' id='word_1_264' title='bbox 1430 2900 1524 2961; x_wconf 80' lang='lat' dir='ltr'>dvora.</span> <span class='ocrx_word' id='word_1_265' title='bbox 1543 2901 1640 2968; x_wconf 89' lang='lat' dir='ltr'>slibuje</span> 
     </span>
     <span class='ocr_line' id='line_1_24' title="bbox 187 2987 1570 3058; baseline -0.001 -18"><span class='ocrx_word' id='word_1_266' title='bbox 187 2989 327 3058; x_wconf 73' lang='lat' dir='ltr'>vyplneni.</span> <span class='ocrx_word' id='word_1_267' title='bbox 347 2989 487 3056; x_wconf 87' lang='lat' dir='ltr'>Odsuzuje</span> <span class='ocrx_word' id='word_1_268' title='bbox 505 2990 626 3058; x_wconf 85' lang='lat' dir='ltr'>traktaty</span> <span class='ocrx_word' id='word_1_269' title='bbox 643 2989 721 3056; x_wconf 71' lang='lat' dir='ltr'>jakes</span> <span class='ocrx_word' id='word_1_270' title='bbox 740 2990 872 3050; x_wconf 73' lang='lat' dir='ltr'>lraciislre,</span> <span class='ocrx_word' id='word_1_271' title='bbox 893 2990 967 3043; x_wconf 75' lang='lat' dir='ltr'>litere</span> <span class='ocrx_word' id='word_1_272' title='bbox 988 3007 1033 3041; x_wconf 94' lang='lat' dir='ltr'>mu</span> <span class='ocrx_word' id='word_1_273' title='bbox 1054 2990 1193 3041; x_wconf 86' lang='lat' dir='ltr'>Bohuslav</span> <span class='ocrx_word' id='word_1_274' title='bbox 1212 2989 1307 3056; x_wconf 89' lang='lat' dir='ltr'>poslal.</span> <span class='ocrx_word' id='word_1_275' title='bbox 1326 2989 1436 3054; x_wconf 77' lang='lat' dir='ltr'>(Schott</span> <span class='ocrx_word' id='word_1_276' title='bbox 1455 2987 1472 3040; x_wconf 88' lang='lat' dir='ltr'>f.</span> <span class='ocrx_word' id='word_1_277' title='bbox 1491 2987 1570 3047; x_wconf 68' lang='lat' dir='ltr'>tait.)</span> 
     </span>
    </p>
   </div>
   <div class='ocr_carea' id='block_1_7' title="bbox 187 3163 1654 5329">
    <p class='ocr_par' dir='ltr' id='par_1_7' title="bbox 187 3163 1654 5329">
     <span class='ocr_line' id='line_1_25' title="bbox 275 3163 1641 3247; baseline -0.001 -21"><span class='ocrx_word' id='word_1_278' title='bbox 275 3165 384 3226; x_wconf 89' lang='lat' dir='ltr'>Petrus</span> <span class='ocrx_word' id='word_1_279' title='bbox 399 3163 550 3227; x_wconf 88' lang='lat' dir='ltr'>Schottus</span> <span class='ocrx_word' id='word_1_280' title='bbox 567 3164 736 3246; x_wconf 80' lang='lat' dir='ltr'>magnifico</span> <span class='ocrx_word' id='word_1_281' title='bbox 752 3185 974 3247; x_wconf 82' lang='lat' dir='ltr'>generosoque</span> <span class='ocrx_word' id='word_1_282' title='bbox 990 3179 1086 3244; x_wconf 86' lang='lat' dir='ltr'>atque</span> <span class='ocrx_word' id='word_1_283' title='bbox 1102 3165 1288 3226; x_wconf 89' lang='lat' dir='ltr'>doctissimo</span> <span class='ocrx_word' id='word_1_284' title='bbox 1305 3167 1372 3225; x_wconf 90' lang='lat' dir='ltr'>viro</span> <span class='ocrx_word' id='word_1_285' title='bbox 1388 3165 1522 3226; x_wconf 92' lang='lat' dir='ltr'>domino</span> <span class='ocrx_word' id='word_1_286' title='bbox 1537 3165 1641 3226; x_wconf 86' lang='lat' dir='ltr'>Bohu-</span> 
     </span>
     <span class='ocr_line' id='line_1_26' title="bbox 188 3268 1640 3351; baseline -0.001 -22"><span class='ocrx_word' id='word_1_287' title='bbox 188 3270 255 3330; x_wconf 89' lang='lat' dir='ltr'>slao</span> <span class='ocrx_word' id='word_1_288' title='bbox 278 3270 319 3331; x_wconf 88' lang='lat' dir='ltr'>de</span> <span class='ocrx_word' id='word_1_289' title='bbox 337 3269 555 3342; x_wconf 88' lang='lat' dir='ltr'>Hassenstein,</span> <span class='ocrx_word' id='word_1_290' title='bbox 578 3271 665 3351; x_wconf 81' lang='lat' dir='ltr'>regio</span> <span class='ocrx_word' id='word_1_291' title='bbox 689 3273 865 3343; x_wconf 85' lang='lat' dir='ltr'>secretario,</span> <span class='ocrx_word' id='word_1_292' title='bbox 890 3289 912 3329; x_wconf 91' lang='lat' dir='ltr'>s.</span> <span class='ocrx_word' id='word_1_293' title='bbox 936 3289 966 3348; x_wconf 88' lang='lat' dir='ltr'>p.</span> <span class='ocrx_word' id='word_1_294' title='bbox 990 3270 1018 3328; x_wconf 87' lang='lat' dir='ltr'>d.</span> <span class='ocrx_word' id='word_1_295' title='bbox 1044 3268 1234 3330; x_wconf 88' lang='lat' dir='ltr'>Diuturnam</span> <span class='ocrx_word' id='word_1_296' title='bbox 1259 3270 1517 3346; x_wconf 84' lang='lat' dir='ltr'>expectationem</span> <span class='ocrx_word' id='word_1_297' title='bbox 1535 3288 1640 3329; x_wconf 89' lang='lat' dir='ltr'>meam</span> 
     </span>
     <span class='ocr_line' id='line_1_27' title="bbox 187 3371 1641 3453; baseline 0.001 -21"><span class='ocrx_word' id='word_1_298' title='bbox 187 3373 316 3434; x_wconf 87' lang='lat' dir='ltr'>abunde</span> <span class='ocrx_word' id='word_1_299' title='bbox 332 3373 454 3435; x_wconf 90' lang='lat' dir='ltr'>solatus</span> <span class='ocrx_word' id='word_1_300' title='bbox 466 3392 509 3445; x_wconf 91' lang='lat' dir='ltr'>es,</span> <span class='ocrx_word' id='word_1_301' title='bbox 525 3375 709 3434; x_wconf 89' lang='lat' dir='ltr'>suavissime</span> <span class='ocrx_word' id='word_1_302' title='bbox 725 3376 878 3453; x_wconf 70' lang='lat' dir='ltr'>princeps</span> <span class='ocrx_word' id='word_1_303' title='bbox 895 3386 926 3435; x_wconf 88' lang='lat' dir='ltr'>et</span> <span class='ocrx_word' id='word_1_304' title='bbox 939 3373 1033 3435; x_wconf 86' lang='lat' dir='ltr'>literis</span> <span class='ocrx_word' id='word_1_305' title='bbox 1045 3385 1076 3434; x_wconf 90' lang='lat' dir='ltr'>et</span> <span class='ocrx_word' id='word_1_306' title='bbox 1089 3373 1274 3434; x_wconf 90' lang='lat' dir='ltr'>muneribus</span> <span class='ocrx_word' id='word_1_307' title='bbox 1290 3375 1359 3433; x_wconf 81' lang='lat' dir='ltr'>tuis</span> <span class='ocrx_word' id='word_1_308' title='bbox 1377 3371 1461 3433; x_wconf 89' lang='lat' dir='ltr'>Nam</span> <span class='ocrx_word' id='word_1_309' title='bbox 1474 3384 1505 3435; x_wconf 90' lang='lat' dir='ltr'>et</span> <span class='ocrx_word' id='word_1_310' title='bbox 1522 3374 1641 3435; x_wconf 86' lang='lat' dir='ltr'>bonam</span> 
     </span>
     <span class='ocr_line' id='line_1_28' title="bbox 187 3476 1643 3556; baseline 0.002 -20"><span class='ocrx_word' id='word_1_311' title='bbox 187 3477 402 3538; x_wconf 88' lang='lat' dir='ltr'>valetudinem</span> <span class='ocrx_word' id='word_1_312' title='bbox 418 3488 506 3538; x_wconf 93' lang='lat' dir='ltr'>tuam</span> <span class='ocrx_word' id='word_1_313' title='bbox 526 3477 674 3548; x_wconf 85' lang='lat' dir='ltr'>intellexi,</span> <span class='ocrx_word' id='word_1_314' title='bbox 691 3497 753 3556; x_wconf 88' lang='lat' dir='ltr'>qua</span> <span class='ocrx_word' id='word_1_315' title='bbox 767 3478 842 3539; x_wconf 91' lang='lat' dir='ltr'>mihi</span> <span class='ocrx_word' id='word_1_316' title='bbox 859 3476 933 3538; x_wconf 90' lang='lat' dir='ltr'>nihil</span> <span class='ocrx_word' id='word_1_317' title='bbox 949 3479 1096 3556; x_wconf 90' lang='lat' dir='ltr'>optatius,</span> <span class='ocrx_word' id='word_1_318' title='bbox 1113 3486 1144 3537; x_wconf 88' lang='lat' dir='ltr'>et</span> <span class='ocrx_word' id='word_1_319' title='bbox 1156 3478 1312 3537; x_wconf 87' lang='lat' dir='ltr'>amicitiae</span> <span class='ocrx_word' id='word_1_320' title='bbox 1327 3487 1455 3538; x_wconf 89' lang='lat' dir='ltr'>nostrae</span> <span class='ocrx_word' id='word_1_321' title='bbox 1471 3488 1643 3556; x_wconf 85' lang='lat' dir='ltr'>perpetuae</span> 
     </span>
     <span class='ocr_line' id='line_1_29' title="bbox 189 3581 1644 3661; baseline 0.001 -21"><span class='ocrx_word' id='word_1_322' title='bbox 189 3581 324 3642; x_wconf 77' lang='lat' dir='ltr'>fructum</span> <span class='ocrx_word' id='word_1_323' title='bbox 341 3583 410 3659; x_wconf 89' lang='lat' dir='ltr'>cepi</span> <span class='ocrx_word' id='word_1_324' title='bbox 435 3601 499 3642; x_wconf 94' lang='lat' dir='ltr'>non</span> <span class='ocrx_word' id='word_1_325' title='bbox 516 3581 719 3653; x_wconf 84' lang='lat' dir='ltr'>mediocrem,</span> <span class='ocrx_word' id='word_1_326' title='bbox 744 3602 816 3643; x_wconf 94' lang='lat' dir='ltr'>cum</span> <span class='ocrx_word' id='word_1_327' title='bbox 833 3581 1032 3642; x_wconf 83' lang='lat' dir='ltr'>tabellarium</span> <span class='ocrx_word' id='word_1_328' title='bbox 1050 3592 1139 3642; x_wconf 93' lang='lat' dir='ltr'>tuum</span> <span class='ocrx_word' id='word_1_329' title='bbox 1164 3600 1239 3642; x_wconf 92' lang='lat' dir='ltr'>cum</span> <span class='ocrx_word' id='word_1_330' title='bbox 1255 3590 1320 3641; x_wconf 91' lang='lat' dir='ltr'>tam</span> <span class='ocrx_word' id='word_1_331' title='bbox 1336 3581 1506 3661; x_wconf 89' lang='lat' dir='ltr'>praeclaris</span> <span class='ocrx_word' id='word_1_332' title='bbox 1529 3582 1571 3642; x_wconf 91' lang='lat' dir='ltr'>ad</span> <span class='ocrx_word' id='word_1_333' title='bbox 1592 3601 1644 3642; x_wconf 92' lang='lat' dir='ltr'>me</span> 
     </span>
     <span class='ocr_line' id='line_1_30' title="bbox 188 3685 1643 3767; baseline 0.001 -23"><span class='ocrx_word' id='word_1_334' title='bbox 188 3703 344 3764; x_wconf 91' lang='lat' dir='ltr'>meosque</span> <span class='ocrx_word' id='word_1_335' title='bbox 368 3685 525 3746; x_wconf 85' lang='lat' dir='ltr'>donativis</span> <span class='ocrx_word' id='word_1_336' title='bbox 541 3688 726 3763; x_wconf 80' lang='lat' dir='ltr'>acciperem.</span> <span class='ocrx_word' id='word_1_337' title='bbox 750 3686 895 3748; x_wconf 89' lang='lat' dir='ltr'>Gratiam</span> <span class='ocrx_word' id='word_1_338' title='bbox 919 3687 1024 3747; x_wconf 81' lang='lat' dir='ltr'>liabeo</span> <span class='ocrx_word' id='word_1_339' title='bbox 1041 3705 1176 3767; x_wconf 51' lang='lat' dir='ltr'>agroque,</span> <span class='ocrx_word' id='word_1_340' title='bbox 1200 3696 1297 3766; x_wconf 84' lang='lat' dir='ltr'>agunt</span> <span class='ocrx_word' id='word_1_341' title='bbox 1313 3696 1345 3745; x_wconf 89' lang='lat' dir='ltr'>et</span> <span class='ocrx_word' id='word_1_342' title='bbox 1360 3686 1431 3759; x_wconf 86' lang='lat' dir='ltr'>mei,</span> <span class='ocrx_word' id='word_1_343' title='bbox 1448 3685 1643 3764; x_wconf 88' lang='lat' dir='ltr'>peculialiter</span> 
     </span>
     <span class='ocr_line' id='line_1_31' title="bbox 189 3788 1642 3870; baseline 0.001 -22"><span class='ocrx_word' id='word_1_344' title='bbox 189 3802 305 3849; x_wconf 90' lang='lat' dir='ltr'>mater:</span> <span class='ocrx_word' id='word_1_345' title='bbox 330 3788 443 3849; x_wconf 85' lang='lat' dir='ltr'>referre</span> <span class='ocrx_word' id='word_1_346' title='bbox 467 3792 552 3850; x_wconf 92' lang='lat' dir='ltr'>enim</span> <span class='ocrx_word' id='word_1_347' title='bbox 569 3809 634 3850; x_wconf 94' lang='lat' dir='ltr'>non</span> <span class='ocrx_word' id='word_1_348' title='bbox 651 3809 832 3868; x_wconf 81' lang='lat' dir='ltr'>possumus</span> <span class='ocrx_word' id='word_1_349' title='bbox 856 3791 966 3870; x_wconf 84' lang='lat' dir='ltr'>ltaque</span> <span class='ocrx_word' id='word_1_350' title='bbox 989 3809 1054 3851; x_wconf 95' lang='lat' dir='ltr'>non</span> <span class='ocrx_word' id='word_1_351' title='bbox 1071 3801 1105 3850; x_wconf 87' lang='lat' dir='ltr'>ut</span> <span class='ocrx_word' id='word_1_352' title='bbox 1121 3808 1293 3867; x_wconf 86' lang='lat' dir='ltr'>pensemus</span> <span class='ocrx_word' id='word_1_353' title='bbox 1316 3799 1456 3868; x_wconf 88' lang='lat' dir='ltr'>accepta,</span> <span class='ocrx_word' id='word_1_354' title='bbox 1479 3789 1537 3851; x_wconf 91' lang='lat' dir='ltr'>sed</span> <span class='ocrx_word' id='word_1_355' title='bbox 1553 3789 1642 3869; x_wconf 93' lang='lat' dir='ltr'>quod</span> 
     </span>
     <span class='ocr_line' id='line_1_32' title="bbox 189 3893 1643 3974; baseline 0.002 -23"><span class='ocrx_word' id='word_1_356' title='bbox 189 3893 244 3952; x_wconf 93' lang='lat' dir='ltr'>tibi</span> <span class='ocrx_word' id='word_1_357' title='bbox 267 3904 357 3974; x_wconf 80' lang='lat' dir='ltr'>grata</span> <span class='ocrx_word' id='word_1_358' title='bbox 379 3912 450 3955; x_wconf 91' lang='lat' dir='ltr'>esse</span> <span class='ocrx_word' id='word_1_359' title='bbox 480 3895 592 3963; x_wconf 80' lang='lat' dir='ltr'>sentio</span> <span class='ocrx_word' id='word_1_360' title='bbox 622 3897 745 3955; x_wconf 88' lang='lat' dir='ltr'>semina</span> <span class='ocrx_word' id='word_1_361' title='bbox 776 3895 1001 3955; x_wconf 89' lang='lat' dir='ltr'>nonnullarum</span> <span class='ocrx_word' id='word_1_362' title='bbox 1034 3894 1204 3955; x_wconf 88' lang='lat' dir='ltr'>herbarum</span> <span class='ocrx_word' id='word_1_363' title='bbox 1237 3894 1417 3974; x_wconf 87' lang='lat' dir='ltr'>florumque</span> <span class='ocrx_word' id='word_1_364' title='bbox 1448 3894 1643 3963; x_wconf 85' lang='lat' dir='ltr'>salubritate,</span> 
     </span>
     <span class='ocr_line' id='line_1_33' title="bbox 190 3996 1639 4079; baseline 0.001 -23"><span class='ocrx_word' id='word_1_365' title='bbox 190 3996 291 4057; x_wconf 90' lang='lat' dir='ltr'>odore</span> <span class='ocrx_word' id='word_1_366' title='bbox 314 3996 462 4058; x_wconf 90' lang='lat' dir='ltr'>coloreve</span> <span class='ocrx_word' id='word_1_367' title='bbox 487 4001 716 4074; x_wconf 84' lang='lat' dir='ltr'>praestantium</span> <span class='ocrx_word' id='word_1_368' title='bbox 739 3999 780 4059; x_wconf 89' lang='lat' dir='ltr'>ad</span> <span class='ocrx_word' id='word_1_369' title='bbox 804 4010 835 4058; x_wconf 94' lang='lat' dir='ltr'>te</span> <span class='ocrx_word' id='word_1_370' title='bbox 859 4000 961 4062; x_wconf 91' lang='lat' dir='ltr'>mitto.</span> <span class='ocrx_word' id='word_1_371' title='bbox 986 3998 1149 4059; x_wconf 89' lang='lat' dir='ltr'>Praeterea</span> <span class='ocrx_word' id='word_1_372' title='bbox 1174 4009 1311 4077; x_wconf 89' lang='lat' dir='ltr'>quatuor</span> <span class='ocrx_word' id='word_1_373' title='bbox 1335 3997 1545 4079; x_wconf 81' lang='lat' dir='ltr'>evangelistas</span> <span class='ocrx_word' id='word_1_374' title='bbox 1568 4017 1639 4059; x_wconf 85' lang='lat' dir='ltr'>curn</span> 
     </span>
     <span class='ocr_line' id='line_1_34' title="bbox 190 4100 1642 4181; baseline 0.001 -21"><span class='ocrx_word' id='word_1_375' title='bbox 190 4102 368 4160; x_wconf 87' lang='lat' dir='ltr'>canonibus</span> <span class='ocrx_word' id='word_1_376' title='bbox 390 4100 534 4175; x_wconf 86' lang='lat' dir='ltr'>Eusebii;</span> <span class='ocrx_word' id='word_1_377' title='bbox 568 4102 687 4163; x_wconf 90' lang='lat' dir='ltr'>cultros</span> <span class='ocrx_word' id='word_1_378' title='bbox 711 4112 878 4174; x_wconf 87' lang='lat' dir='ltr'>nostrates,</span> <span class='ocrx_word' id='word_1_379' title='bbox 910 4105 971 4163; x_wconf 90' lang='lat' dir='ltr'>tuis</span> <span class='ocrx_word' id='word_1_380' title='bbox 1000 4102 1130 4181; x_wconf 91' lang='lat' dir='ltr'>quidem</span> <span class='ocrx_word' id='word_1_381' title='bbox 1161 4122 1227 4163; x_wconf 96' lang='lat' dir='ltr'>non</span> <span class='ocrx_word' id='word_1_382' title='bbox 1251 4105 1467 4180; x_wconf 78' lang='lat' dir='ltr'>preciosioreS,</span> <span class='ocrx_word' id='word_1_383' title='bbox 1496 4103 1553 4163; x_wconf 91' lang='lat' dir='ltr'>sed</span> <span class='ocrx_word' id='word_1_384' title='bbox 1578 4103 1642 4174; x_wconf 93' lang='lat' dir='ltr'>tibi,</span> 
     </span>
     <span class='ocr_line' id='line_1_35' title="bbox 190 4205 1643 4288; baseline 0.001 -23"><span class='ocrx_word' id='word_1_385' title='bbox 190 4216 224 4265; x_wconf 91' lang='lat' dir='ltr'>ut</span> <span class='ocrx_word' id='word_1_386' title='bbox 247 4206 387 4277; x_wconf 88' lang='lat' dir='ltr'>arbitror,</span> <span class='ocrx_word' id='word_1_387' title='bbox 410 4208 553 4267; x_wconf 88' lang='lat' dir='ltr'>rariores.</span> <span class='ocrx_word' id='word_1_388' title='bbox 576 4205 669 4268; x_wconf 90' lang='lat' dir='ltr'>Plura</span> <span class='ocrx_word' id='word_1_389' title='bbox 686 4208 851 4274; x_wconf 84' lang='lat' dir='ltr'>misissem,</span> <span class='ocrx_word' id='word_1_390' title='bbox 875 4208 899 4266; x_wconf 87' lang='lat' dir='ltr'>si</span> <span class='ocrx_word' id='word_1_391' title='bbox 917 4225 982 4266; x_wconf 93' lang='lat' dir='ltr'>non</span> <span class='ocrx_word' id='word_1_392' title='bbox 999 4207 1222 4267; x_wconf 89' lang='lat' dir='ltr'>molestassem</span> <span class='ocrx_word' id='word_1_393' title='bbox 1247 4207 1379 4288; x_wconf 82' lang='lat' dir='ltr'>longum</span> <span class='ocrx_word' id='word_1_394' title='bbox 1402 4209 1460 4267; x_wconf 90' lang='lat' dir='ltr'>iter</span> <span class='ocrx_word' id='word_1_395' title='bbox 1476 4205 1643 4268; x_wconf 86' lang='lat' dir='ltr'>Michaelis</span> 
     </span>
     <span class='ocr_line' id='line_1_36' title="bbox 190 4309 1644 4393; baseline 0.001 -24"><span class='ocrx_word' id='word_1_396' title='bbox 190 4310 286 4380; x_wconf 73' lang='lat' dir='ltr'>istius</span> <span class='ocrx_word' id='word_1_397' title='bbox 309 4311 362 4370; x_wconf 89' lang='lat' dir='ltr'>viri</span> <span class='ocrx_word' id='word_1_398' title='bbox 387 4311 482 4371; x_wconf 87' lang='lat' dir='ltr'>nobis</span> <span class='ocrx_word' id='word_1_399' title='bbox 505 4322 636 4389; x_wconf 89' lang='lat' dir='ltr'>propter</span> <span class='ocrx_word' id='word_1_400' title='bbox 659 4321 690 4372; x_wconf 90' lang='lat' dir='ltr'>te</span> <span class='ocrx_word' id='word_1_401' title='bbox 714 4312 880 4393; x_wconf 83' lang='lat' dir='ltr'>praegrati.</span> <span class='ocrx_word' id='word_1_402' title='bbox 918 4309 983 4373; x_wconf 89' lang='lat' dir='ltr'>Sed</span> <span class='ocrx_word' id='word_1_403' title='bbox 1005 4310 1144 4372; x_wconf 89' lang='lat' dir='ltr'>necdum</span> <span class='ocrx_word' id='word_1_404' title='bbox 1168 4313 1242 4379; x_wconf 74' lang='lat' dir='ltr'>scio,</span> <span class='ocrx_word' id='word_1_405' title='bbox 1265 4329 1306 4370; x_wconf 91' lang='lat' dir='ltr'>an</span> <span class='ocrx_word' id='word_1_406' title='bbox 1330 4329 1377 4384; x_wconf 90' lang='lat' dir='ltr'>ea,</span> <span class='ocrx_word' id='word_1_407' title='bbox 1401 4328 1485 4388; x_wconf 91' lang='lat' dir='ltr'>quae</span> <span class='ocrx_word' id='word_1_408' title='bbox 1507 4312 1565 4371; x_wconf 88' lang='lat' dir='ltr'>tibi</span> <span class='ocrx_word' id='word_1_409' title='bbox 1587 4328 1644 4388; x_wconf 91' lang='lat' dir='ltr'>per</span> 
     </span>
     <span class='ocr_line' id='line_1_37' title="bbox 190 4412 1645 4496; baseline 0.001 -23"><span class='ocrx_word' id='word_1_410' title='bbox 190 4412 400 4494; x_wconf 79' lang='lat' dir='ltr'>Eselbergum</span> <span class='ocrx_word' id='word_1_411' title='bbox 417 4414 718 4496; x_wconf 81' lang='lat' dir='ltr'>Nurenbergensem</span> <span class='ocrx_word' id='word_1_412' title='bbox 735 4414 824 4476; x_wconf 91' lang='lat' dir='ltr'>reddi</span> <span class='ocrx_word' id='word_1_413' title='bbox 844 4417 949 4475; x_wconf 90' lang='lat' dir='ltr'>curavi</span> <span class='ocrx_word' id='word_1_414' title='bbox 965 4434 1031 4475; x_wconf 92' lang='lat' dir='ltr'>non</span> <span class='ocrx_word' id='word_1_415' title='bbox 1046 4414 1101 4475; x_wconf 92' lang='lat' dir='ltr'>diu</span> <span class='ocrx_word' id='word_1_416' title='bbox 1117 4426 1190 4494; x_wconf 89' lang='lat' dir='ltr'>post</span> <span class='ocrx_word' id='word_1_417' title='bbox 1207 4414 1383 4475; x_wconf 85' lang='lat' dir='ltr'>discessum</span> <span class='ocrx_word' id='word_1_418' title='bbox 1399 4427 1491 4476; x_wconf 90' lang='lat' dir='ltr'>tuum</span> <span class='ocrx_word' id='word_1_419' title='bbox 1507 4434 1526 4474; x_wconf 90' lang='lat' dir='ltr'>a</span> <span class='ocrx_word' id='word_1_420' title='bbox 1542 4416 1645 4486; x_wconf 73' lang='lat' dir='ltr'>nobis</span> 
     </span>
     <span class='ocr_line' id='line_1_38' title="bbox 190 4518 1647 4599; baseline 0.001 -22"><span class='ocrx_word' id='word_1_421' title='bbox 190 4529 393 4596; x_wconf 90' lang='lat' dir='ltr'>praesentata</span> <span class='ocrx_word' id='word_1_422' title='bbox 425 4520 481 4581; x_wconf 88' lang='lat' dir='ltr'>tibi</span> <span class='ocrx_word' id='word_1_423' title='bbox 512 4519 641 4594; x_wconf 84' lang='lat' dir='ltr'>fuerint;</span> <span class='ocrx_word' id='word_1_424' title='bbox 676 4531 706 4580; x_wconf 90' lang='lat' dir='ltr'>et</span> <span class='ocrx_word' id='word_1_425' title='bbox 731 4539 811 4599; x_wconf 92' lang='lat' dir='ltr'>quas</span> <span class='ocrx_word' id='word_1_426' title='bbox 834 4539 889 4597; x_wconf 85' lang='lat' dir='ltr'>per</span> <span class='ocrx_word' id='word_1_427' title='bbox 914 4519 1108 4580; x_wconf 88' lang='lat' dir='ltr'>Fridericum</span> <span class='ocrx_word' id='word_1_428' title='bbox 1141 4538 1271 4597; x_wconf 88' lang='lat' dir='ltr'>quoque</span> <span class='ocrx_word' id='word_1_429' title='bbox 1300 4530 1390 4581; x_wconf 90' lang='lat' dir='ltr'>tuum</span> <span class='ocrx_word' id='word_1_430' title='bbox 1422 4519 1515 4579; x_wconf 89' lang='lat' dir='ltr'>binas</span> <span class='ocrx_word' id='word_1_431' title='bbox 1549 4518 1590 4579; x_wconf 89' lang='lat' dir='ltr'>ad</span> <span class='ocrx_word' id='word_1_432' title='bbox 1615 4529 1647 4579; x_wconf 91' lang='lat' dir='ltr'>te</span> 
     </span>
     <span class='ocr_line' id='line_1_39' title="bbox 191 4621 1647 4706; baseline -0.001 -25"><span class='ocrx_word' id='word_1_433' title='bbox 191 4621 265 4682; x_wconf 91' lang='lat' dir='ltr'>dedi</span> <span class='ocrx_word' id='word_1_434' title='bbox 281 4622 396 4683; x_wconf 89' lang='lat' dir='ltr'>literas.</span> <span class='ocrx_word' id='word_1_435' title='bbox 422 4622 567 4702; x_wconf 84' lang='lat' dir='ltr'>Quarum</span> <span class='ocrx_word' id='word_1_436' title='bbox 591 4624 704 4686; x_wconf 88' lang='lat' dir='ltr'>alteras</span> <span class='ocrx_word' id='word_1_437' title='bbox 720 4625 934 4684; x_wconf 87' lang='lat' dir='ltr'>comitabatur</span> <span class='ocrx_word' id='word_1_438' title='bbox 957 4623 1102 4683; x_wconf 88' lang='lat' dir='ltr'>doctrina</span> <span class='ocrx_word' id='word_1_439' title='bbox 1119 4623 1160 4684; x_wconf 91' lang='lat' dir='ltr'>de</span> <span class='ocrx_word' id='word_1_440' title='bbox 1176 4625 1361 4684; x_wconf 85' lang='lat' dir='ltr'>accentibus</span> <span class='ocrx_word' id='word_1_441' title='bbox 1376 4624 1507 4706; x_wconf 84' lang='lat' dir='ltr'>graecis,</span> <span class='ocrx_word' id='word_1_442' title='bbox 1530 4621 1647 4682; x_wconf 91' lang='lat' dir='ltr'>alteras</span> 
     </span>
     <span class='ocr_line' id='line_1_40' title="bbox 191 4725 1649 4806; baseline -0.001 -18"><span class='ocrx_word' id='word_1_443' title='bbox 191 4729 299 4788; x_wconf 92' lang='lat' dir='ltr'>nescio</span> <span class='ocrx_word' id='word_1_444' title='bbox 323 4727 401 4806; x_wconf 92' lang='lat' dir='ltr'>quid</span> <span class='ocrx_word' id='word_1_445' title='bbox 424 4726 517 4788; x_wconf 89' lang='lat' dir='ltr'>aliud.</span> <span class='ocrx_word' id='word_1_446' title='bbox 557 4727 726 4789; x_wconf 86' lang='lat' dir='ltr'>Habentur</span> <span class='ocrx_word' id='word_1_447' title='bbox 757 4727 843 4805; x_wconf 90' lang='lat' dir='ltr'>apud</span> <span class='ocrx_word' id='word_1_448' title='bbox 873 4746 933 4787; x_wconf 91' lang='lat' dir='ltr'>nos</span> <span class='ocrx_word' id='word_1_449' title='bbox 965 4730 994 4787; x_wconf 92' lang='lat' dir='ltr'>in</span> <span class='ocrx_word' id='word_1_450' title='bbox 1031 4730 1107 4788; x_wconf 90' lang='lat' dir='ltr'>satis</span> <span class='ocrx_word' id='word_1_451' title='bbox 1130 4727 1230 4788; x_wconf 90' lang='lat' dir='ltr'>denso</span> <span class='ocrx_word' id='word_1_452' title='bbox 1254 4727 1414 4788; x_wconf 92' lang='lat' dir='ltr'>volumine</span> <span class='ocrx_word' id='word_1_453' title='bbox 1437 4745 1551 4787; x_wconf 92' lang='lat' dir='ltr'>omnes</span> <span class='ocrx_word' id='word_1_454' title='bbox 1575 4725 1649 4787; x_wconf 89' lang='lat' dir='ltr'>libri</span> 
     </span>
     <span class='ocr_line' id='line_1_41' title="bbox 191 4829 1648 4911; baseline 0.001 -21"><span class='ocrx_word' id='word_1_455' title='bbox 191 4830 330 4892; x_wconf 88' lang='lat' dir='ltr'>Platonis</span> <span class='ocrx_word' id='word_1_456' title='bbox 353 4851 409 4910; x_wconf 92' lang='lat' dir='ltr'>per</span> <span class='ocrx_word' id='word_1_457' title='bbox 433 4831 651 4892; x_wconf 89' lang='lat' dir='ltr'>Florentinum</span> <span class='ocrx_word' id='word_1_458' title='bbox 680 4833 864 4911; x_wconf 90' lang='lat' dir='ltr'>quempiam</span> <span class='ocrx_word' id='word_1_459' title='bbox 888 4850 989 4910; x_wconf 90' lang='lat' dir='ltr'>nuper</span> <span class='ocrx_word' id='word_1_460' title='bbox 1012 4831 1168 4905; x_wconf 86' lang='lat' dir='ltr'>translati;</span> <span class='ocrx_word' id='word_1_461' title='bbox 1202 4850 1260 4891; x_wconf 89' lang='lat' dir='ltr'>eos</span> <span class='ocrx_word' id='word_1_462' title='bbox 1286 4833 1312 4891; x_wconf 91' lang='lat' dir='ltr'>si</span> <span class='ocrx_word' id='word_1_463' title='bbox 1335 4830 1482 4892; x_wconf 93' lang='lat' dir='ltr'>nondum</span> <span class='ocrx_word' id='word_1_464' title='bbox 1506 4829 1648 4908; x_wconf 90' lang='lat' dir='ltr'>adeptus</span> 
     </span>
     <span class='ocr_line' id='line_1_42' title="bbox 192 4933 1651 5015; baseline 0.001 -21"><span class='ocrx_word' id='word_1_465' title='bbox 192 4935 296 5008; x_wconf 80' lang='lat' dir='ltr'>suetis,</span> <span class='ocrx_word' id='word_1_466' title='bbox 321 4934 368 4994; x_wconf 86' lang='lat' dir='ltr'>fac</span> <span class='ocrx_word' id='word_1_467' title='bbox 392 4953 444 4994; x_wconf 92' lang='lat' dir='ltr'>me</span> <span class='ocrx_word' id='word_1_468' title='bbox 467 4954 547 5015; x_wconf 83' lang='lat' dir='ltr'>rogo</span> <span class='ocrx_word' id='word_1_469' title='bbox 581 4938 756 5007; x_wconf 89' lang='lat' dir='ltr'>certiorem,</span> <span class='ocrx_word' id='word_1_470' title='bbox 785 4945 818 4994; x_wconf 94' lang='lat' dir='ltr'>ut</span> <span class='ocrx_word' id='word_1_471' title='bbox 850 4934 907 4995; x_wconf 92' lang='lat' dir='ltr'>tibi</span> <span class='ocrx_word' id='word_1_472' title='bbox 934 4953 990 5012; x_wconf 87' lang='lat' dir='ltr'>per</span> <span class='ocrx_word' id='word_1_473' title='bbox 1022 4934 1268 5015; x_wconf 78' lang='lat' dir='ltr'>Nurenbergam</span> <span class='ocrx_word' id='word_1_474' title='bbox 1300 4937 1433 5007; x_wconf 86' lang='lat' dir='ltr'>mittam,</span> <span class='ocrx_word' id='word_1_475' title='bbox 1464 4935 1490 4994; x_wconf 88' lang='lat' dir='ltr'>si</span> <span class='ocrx_word' id='word_1_476' title='bbox 1515 4933 1651 5013; x_wconf 89' lang='lat' dir='ltr'>quidem</span> 
     </span>
     <span class='ocr_line' id='line_1_43' title="bbox 193 5037 1651 5118; baseline 0.001 -20"><span class='ocrx_word' id='word_1_477' title='bbox 193 5041 299 5117; x_wconf 89' lang='lat' dir='ltr'>priora</span> <span class='ocrx_word' id='word_1_478' title='bbox 322 5049 392 5100; x_wconf 87' lang='lat' dir='ltr'>tuto</span> <span class='ocrx_word' id='word_1_479' title='bbox 409 5037 477 5099; x_wconf 90' lang='lat' dir='ltr'>illac</span> <span class='ocrx_word' id='word_1_480' title='bbox 500 5038 541 5099; x_wconf 87' lang='lat' dir='ltr'>ad</span> <span class='ocrx_word' id='word_1_481' title='bbox 557 5051 588 5099; x_wconf 91' lang='lat' dir='ltr'>te</span> <span class='ocrx_word' id='word_1_482' title='bbox 604 5039 797 5100; x_wconf 88' lang='lat' dir='ltr'>devenerint.</span> <span class='ocrx_word' id='word_1_483' title='bbox 821 5038 873 5100; x_wconf 87' lang='lat' dir='ltr'>Ad</span> <span class='ocrx_word' id='word_1_484' title='bbox 898 5039 1002 5100; x_wconf 89' lang='lat' dir='ltr'>literas</span> <span class='ocrx_word' id='word_1_485' title='bbox 1026 5051 1097 5101; x_wconf 90' lang='lat' dir='ltr'>tuas</span> <span class='ocrx_word' id='word_1_486' title='bbox 1112 5038 1218 5112; x_wconf 90' lang='lat' dir='ltr'>redeo,</span> <span class='ocrx_word' id='word_1_487' title='bbox 1243 5040 1360 5118; x_wconf 89' lang='lat' dir='ltr'>quibus</span> <span class='ocrx_word' id='word_1_488' title='bbox 1383 5057 1435 5098; x_wconf 93' lang='lat' dir='ltr'>me</span> <span class='ocrx_word' id='word_1_489' title='bbox 1458 5057 1525 5098; x_wconf 91' lang='lat' dir='ltr'>non</span> <span class='ocrx_word' id='word_1_490' title='bbox 1542 5039 1651 5100; x_wconf 91' lang='lat' dir='ltr'>solum</span> 
     </span>
     <span class='ocr_line' id='line_1_44' title="bbox 193 5141 1652 5222; baseline 0.002 -21"><span class='ocrx_word' id='word_1_491' title='bbox 193 5144 284 5220; x_wconf 90' lang='lat' dir='ltr'>petis,</span> <span class='ocrx_word' id='word_1_492' title='bbox 308 5141 365 5203; x_wconf 91' lang='lat' dir='ltr'>sed</span> <span class='ocrx_word' id='word_1_493' title='bbox 396 5163 453 5221; x_wconf 90' lang='lat' dir='ltr'>pro</span> <span class='ocrx_word' id='word_1_494' title='bbox 486 5145 550 5203; x_wconf 91' lang='lat' dir='ltr'>iure</span> <span class='ocrx_word' id='word_1_495' title='bbox 580 5154 636 5205; x_wconf 92' lang='lat' dir='ltr'>tuo</span> <span class='ocrx_word' id='word_1_496' title='bbox 667 5144 811 5221; x_wconf 87' lang='lat' dir='ltr'>postulas</span> <span class='ocrx_word' id='word_1_497' title='bbox 843 5144 1006 5222; x_wconf 88' lang='lat' dir='ltr'>inbesque,</span> <span class='ocrx_word' id='word_1_498' title='bbox 1038 5156 1071 5205; x_wconf 89' lang='lat' dir='ltr'>ut</span> <span class='ocrx_word' id='word_1_499' title='bbox 1096 5145 1151 5205; x_wconf 90' lang='lat' dir='ltr'>tibi</span> <span class='ocrx_word' id='word_1_500' title='bbox 1184 5145 1406 5222; x_wconf 85' lang='lat' dir='ltr'>praescribam,</span> <span class='ocrx_word' id='word_1_501' title='bbox 1436 5141 1513 5221; x_wconf 90' lang='lat' dir='ltr'>quid</span> <span class='ocrx_word' id='word_1_502' title='bbox 1536 5143 1595 5204; x_wconf 90' lang='lat' dir='ltr'>tibi</span> <span class='ocrx_word' id='word_1_503' title='bbox 1619 5144 1652 5204; x_wconf 91' lang='lat' dir='ltr'>in</span> 
     </span>
     <span class='ocr_line' id='line_1_45' title="bbox 193 5245 1654 5329; baseline 0.001 -22"><span class='ocrx_word' id='word_1_504' title='bbox 193 5265 278 5307; x_wconf 91' lang='lat' dir='ltr'>novo</span> <span class='ocrx_word' id='word_1_505' title='bbox 302 5248 364 5307; x_wconf 89' lang='lat' dir='ltr'>isto</span> <span class='ocrx_word' id='word_1_506' title='bbox 381 5248 462 5307; x_wconf 90' lang='lat' dir='ltr'>vitae</span> <span class='ocrx_word' id='word_1_507' title='bbox 485 5265 600 5327; x_wconf 83' lang='lat' dir='ltr'>genere</span> <span class='ocrx_word' id='word_1_508' title='bbox 624 5247 804 5309; x_wconf 86' lang='lat' dir='ltr'>laciendum</span> <span class='ocrx_word' id='word_1_509' title='bbox 821 5249 867 5321; x_wconf 91' lang='lat' dir='ltr'>sit,</span> <span class='ocrx_word' id='word_1_510' title='bbox 892 5251 945 5327; x_wconf 92' lang='lat' dir='ltr'>qui</span> <span class='ocrx_word' id='word_1_511' title='bbox 962 5250 1081 5309; x_wconf 90' lang='lat' dir='ltr'>curiam</span> <span class='ocrx_word' id='word_1_512' title='bbox 1097 5250 1178 5329; x_wconf 80' lang='lat' dir='ltr'>regis</span> <span class='ocrx_word' id='word_1_513' title='bbox 1201 5249 1243 5310; x_wconf 80' lang='lat' dir='ltr'>sis</span> <span class='ocrx_word' id='word_1_514' title='bbox 1259 5265 1452 5309; x_wconf 89' lang='lat' dir='ltr'>accessurus.</span> <span class='ocrx_word' id='word_1_515' title='bbox 1476 5245 1549 5328; x_wconf 82' lang='lat' dir='ltr'>Ego</span> <span class='ocrx_word' id='word_1_516' title='bbox 1565 5266 1654 5321; x_wconf 89' lang='lat' dir='ltr'>vero,</span> 
     </span>
    </p>
   </div>
   <div class='ocr_carea' id='block_1_8' title="bbox 0 0 1845 5850">
    <p class='ocr_par' dir='ltr' id='par_1_8' title="bbox 0 0 1845 5850">
     <span class='ocr_line' id='line_1_46' title="bbox 0 0 1845 5850; baseline 0 0"><span class='ocrx_word' id='word_1_517' title='bbox 0 0 1845 5850; x_wconf 95' lang='lat' dir='ltr'> </span> 
     </span>
    </p>
   </div>
  </div>
 </body>
</html>
