3660 5850
185 390 238 445 126
872 390 951 449 1501

271 598 314 651 Na
332 599 437 662 Kadaii,
454 598 500 666 jak
518 598 627 662 animo,
647 597 711 652 meli
730 600 794 667 pani
813 615 829 652 z
846 599 988 652 Loblrovic
1008 598 1084 668 zapis
1102 598 1257 668 lrrtllovslry.
1277 599 1363 652 Podle
1381 599 1481 668 vypistl
1494 616 1510 653 z
1522 598 1635 668 register

184 685 367 753 krdlovslrpch
386 684 500 754 (Archiv
519 672 609 753 (lesky
631 685 675 738 VI.
694 685 755 753 nui)
773 685 895 739 obdrleli
914 687 1049 739 Kadanstl
1075 687 1201 739 mediani
1220 705 1237 738 v
1256 686 1340 739 lednu
1360 685 1427 738 1501
1446 703 1484 740 na
1501 687 1636 756 piimluvu

184 771 267 825 bratII
285 773 353 842 Jana
372 789 389 825 a
407 772 565 826 Bohuslava
582 788 598 824 z
617 771 760 825 Lobkovic
785 772 870 841 prtlvo
895 789 930 825 na
949 772 1006 825 mili
1032 772 1114 826 olrolo
1136 776 1226 827 mista
1245 773 1316 841 proti
1341 772 1495 837 sedlalnlm,
1518 774 1589 828 lueri
1605 782 1634 827 tu

183 858 275 912 vinice
294 859 374 911 detali
393 876 410 914 3
428 859 493 912 vlna
512 858 662 912 ienkovali.
686 859 728 912 To
745 858 799 925 jest
817 867 846 911 ta
865 860 970 927 vysada
982 877 999 910 v
1013 859 1074 912 lists
1093 859 1221 922 dotbena,
1240 859 1317 913 kiera
1334 861 1413 922 vialr,
1429 859 1477 927 jalr
1496 861 1635 914 Bohuslav

184 946 252 1014 pise,
272 947 427 999 medianum
448 946 593 998 nehovdla.
621 946 742 998 delce
767 946 879 999 tureclre
899 946 954 999 kral
974 946 1115 999 Vladislav
1131 946 1168 1014 jia
1187 947 1293 1014 dranny
1317 948 1365 1000 cas
1383 964 1414 1000 ae
1433 946 1530 1015 strojil.
1556 947 1637 1000 Proto

183 1032 297 1085 vrocenl
317 1031 448 1084 Mitisovo
464 1030 519 1098 jest
537 1033 664 1099 sprdvne.

887 1313 937 1376 sn.

565 1450 784 1524 Bohuslav
807 1451 1040 1548 Jeronymu
1070 1451 1262 1525 Balbovi.

273 1637 359 1706 (1501)
373 1666 404 1675 -
419 1638 446 1693 Β.
465 1652 557 1707 srpna.
578 1636 683 1704 Dekuje
703 1655 735 1691 za
754 1639 910 1707 platelskou
933 1638 1045 1700 ochotu,
1065 1656 1078 1689 3
1098 1638 1194 1692 literou
1214 1655 1261 1693 mu
1280 1656 1348 1692 svou
1373 1655 1474 1706 pomoc
1494 1638 1536 1707 pii
1556 1639 1636 1691 dvole

190 1724 362 1776 kralovskem
382 1723 522 1786 nabldnui,
547 1723 590 1777 ale
609 1726 679 1778 chce
703 1724 814 1792 vyttari
837 1723 908 1791 jeite
934 1725 1036 1792 napled
1060 1725 1128 1793 rady
1150 1725 1286 1792 piltelovy
1309 1710 1511 1792 (Slechtovyil.
1540 1724 1637 1791 Slibuje

190 1826 236 1863 mu
255 1826 355 1878 pomoc
374 1808 538 1877 vadjemnou
557 1828 593 1879 po
611 1811 689 1864 svem
708 1811 860 1879 povy'lenl;
879 1810 1002 1864 imuslli
1021 1811 1123 1864 Balbus
1141 1811 1192 1865 bez
1211 1812 1329 1865 odiladu
1348 1811 1443 1879 vydati
1457 1828 1489 1864 se
1502 1811 1539 1863 do
1559 1812 1637 1873 Uher,

190 1897 259 1949 iada
274 1896 311 1965 jej
330 1897 455 1965 plsemne
475 1900 562 1965 aspoil
581 1913 614 1951 za
632 1897 701 1950 dalsl
720 1898 853 1966 podporu.
871 1899 950 1964 (Luc.
968 1896 1021 1965 80.)

276 2074 478 2151 Hieronymo
501 2094 561 2137 suo
584 2075 686 2137 Balbo
710 2095 733 2136 3.
757 2095 786 2154 p.
810 2075 839 2135 d.
878 2073 970 2154 Quae
1000 2073 1042 2136 ad
1065 2094 1118 2135 me
1140 2075 1302 2155 scripsisti,
1331 2073 1433 2137 Balbe
1455 2076 1586 2154 optime,
1610 2084 1638 2135 et

189 2178 274 2240 culta
289 2180 510 2258 concinnaque
526 2190 599 2241 sunt
615 2190 647 2241 et
663 2179 904 2241 benevolentiae
928 2198 1001 2261 erga
1026 2197 1078 2239 me
1097 2177 1198 2257 plena,
1214 2190 1312 2260 atque
1327 2177 1402 2240 ideo
1419 2189 1450 2241 et
1468 2177 1638 2256 probantur

189 2303 209 2343 a
232 2301 283 2342 me
306 2293 338 2342 et
361 2283 392 2342 in
422 2285 564 2344 ammum
595 2302 725 2363 prorsus
747 2282 966 2344 admittuntur.
1005 2280 1178 2363 Nunquam
1205 2281 1336 2364 quidem
1359 2301 1403 2342 ex
1426 2301 1468 2343 eo
1491 2293 1636 2360 tempore,

190 2405 256 2465 quo
279 2397 310 2446 te
333 2388 478 2468 cognovi,
502 2389 675 2468 quicquam
690 2386 775 2448 aliud
789 2398 845 2448 aut
860 2389 982 2466 speravi
1000 2387 1040 2448 de
1056 2397 1088 2448 te
1104 2396 1158 2447 aut
1174 2387 1354 2465 suspicatus
1368 2405 1450 2446 sum.
1475 2383 1635 2448 Caetemm

190 2491 269 2551 sicut
291 2490 408 2573 vulgati
433 2509 564 2571 quoque
586 2491 646 2552 cibi
670 2490 837 2565 interdurn,
860 2493 885 2552 si
909 2503 1124 2571 apponuntur,
1155 2490 1326 2552 delectant:
1351 2493 1394 2552 ita
1416 2489 1560 2551 studium
1583 2488 1636 2549 hoc

191 2606 281 2655 tuum
304 2596 335 2655 in
359 2613 419 2668 me,
449 2614 636 2674 quanquam
666 2614 731 2657 non
763 2614 891 2670 novum,
922 2615 1004 2657 nova
1032 2607 1139 2657 tamen
1164 2613 1216 2655 me
1238 2594 1404 2674 voluptate
1427 2592 1534 2655 afficit.
1570 2590 1636 2675 Ago

192 2698 362 2778 habeoque
389 2700 445 2761 tibi
476 2698 672 2761 immortales
700 2701 824 2780 gratias,
853 2700 998 2761 conabor
1027 2709 1058 2760 et
1081 2697 1204 2772 referre,
1232 2700 1258 2759 si
1280 2699 1394 2771 licebit,
1418 2715 1527 2776 neque
1548 2699 1637 2757 etiarn

191 2801 347 2863 dubitabo
370 2822 470 2882 opera
493 2815 547 2864 tua
570 2823 647 2883 prae
670 2804 820 2866 omnibus
842 2803 909 2864 aliis
932 2822 1029 2882 quam
1053 2802 1263 2864 fidentissime
1286 2803 1340 2877 uti,
1369 2819 1436 2864 non
1460 2801 1551 2881 quod
1574 2799 1643 2879 plus

190 2906 259 2980 illic,
282 2925 349 2985 quo
372 2906 528 2986 proficisci
553 2905 727 2978 decrevisti,
758 2909 861 2986 possis
888 2906 1038 2988 (ingenue
1061 2909 1147 2968 enirn
1170 2918 1277 2969 tecum
1299 2905 1464 2988 agendum
1488 2901 1559 2987 est),
1587 2902 1642 2966 sed

190 3011 264 3090 quia
287 3007 465 3091 diligentius
488 3010 676 3090 fideliusque
707 3009 800 3091 (pace
822 3010 947 3071 illomm
971 3009 1129 3085 dixeriml,
1160 3030 1244 3089 quae
1270 3029 1344 3072 mea
1366 3020 1449 3084 sunt,
1478 3021 1659 3072 curatums

190 3132 233 3187 es,
263 3118 390 3177 tametsi
420 3114 592 3175 doctissimi
623 3118 676 3176 vlri
706 3113 747 3174 de
778 3114 906 3175 homine
936 3134 1002 3176 non
1034 3115 1166 3177 omnino
1200 3115 1336 3176 barbaro
1372 3114 1526 3176 iudicium
1559 3110 1688 3191 aput}-

190 3217 474 3296 prudentissimum
505 3221 679 3298 principem
705 3221 894 3280 auctoritate
925 3237 1033 3279 carere
1063 3237 1129 3280 non
1163 3229 1279 3296 potest„
1315 3215 1361 3279 At
1387 3215 1570 3280 audiendus
1597 3222 1688 3278 es-

190 3333 285 3384 antea
307 3323 429 3383 amicus
451 3334 561 3383 noster
583 3333 613 3383 et
638 3320 754 3383 deinde
777 3320 906 3383 consilia
930 3322 1093 3401 capienda,
1116 3323 1170 3400 qui
1185 3322 1282 3382 rebus
1298 3323 1416 3383 nostns
1429 3339 1498 3383 non
1514 3335 1688 3400 parvus:

192 3437 393 3487 momentum
416 3425 568 3487 allaturus
590 3438 639 3487 est
663 3423 791 3507 (nostris
814 3425 886 3486 ideo
911 3425 991 3499 dic0,
1016 3427 1171 3505 quoniam
1193 3444 1246 3486 me
1269 3425 1300 3486 ln
1323 3425 1424 3487 altum
1440 3435 1597 3503 provecto
1611 3436 1688 3485 u.-

191 3532 303 3591 inimo
319 3549 385 3590 non
402 3525 567 3610 haerebis).
590 3529 717 3590 Faciam
741 3540 849 3591 autem
874 3540 905 3590 te
928 3529 969 3590 de
992 3529 1040 3590 his
1064 3529 1222 3602 omnibus,
1239 3548 1337 3605 quarn
1361 3531 1501 3609 primum
1524 3539 1688 3609 poterit:

191 3634 364 3695 certiorem.
387 3632 512 3713 Quodsi
535 3632 779 3694 accelerandum
802 3633 857 3693 tibi
881 3632 1078 3694 Pannoniam
1101 3644 1158 3708 est,
1180 3651 1286 3712 neque
1309 3643 1344 3693 ut
1360 3651 1434 3694 cum
1450 3635 1557 3694 amico
1573 3646 1688 3693 cort

192 3739 325 3813 venIam,
348 3747 519 3818 expectare
549 3749 651 3815 potes
682 3737 785 3810 lacito,
817 3746 851 3798 ut
876 3738 901 3797 is
924 3739 973 3808 sis,
1006 3738 1059 3815 qui
1081 3738 1224 3816 coepisti,
1253 3749 1285 3800 et
1308 3756 1376 3798 rem
1400 3755 1517 3811 meam,
1547 3734 1688 3817 magi?¹

192 3852 300 3902 tamen
323 3841 554 3920 rempublicam
577 3851 609 3901 et
632 3841 816 3922 religionem
840 3840 1059 3914 Christianam,
1083 3851 1241 3920 quantum
1263 3843 1294 3902 in
1317 3850 1350 3902 te
1374 3851 1432 3913 est,
1455 3860 1555 3902 cures.
1588 3837 1688 3902 Cu

192 3947 217 4005 si
240 3946 323 4005 bene
346 3945 502 4018 consules,
527 3944 601 4005 mihi
624 3964 755 4024 quoque
779 3943 1015 4026 gratificaberis
1039 3943 1129 4005 Vale.
1154 3943 1291 4026 Augusti
1315 3944 1400 4005 VIII.

278 4169 327 4238 Jalr
346 4185 361 4221 z
379 4167 443 4221 listu
461 4168 567 4220 nabebo
585 4168 702 4236 vysvlta,
722 4167 840 4235 povoltln
853 4167 899 4236 byl
918 4168 1027 4221 tenkrar
1047 4168 1149 4221 Balbus
1163 4168 1196 4220 ke
1209 4168 1296 4221 dvoru
1309 4168 1345 4220 do
1358 4167 1477 4229 Budina,
1491 4168 1500 4219 i
1512 4167 1630 4220 odchtlz·
1656 4176 1688 4213 ε

193 4256 317 4322 zPrahy
337 4255 473 4322 provazen
497 4255 643 4307 vdiinosti
663 4255 885 4307 Bohuslavovou.
915 4255 1034 4307 Stlmto
1058 4255 1160 4307 laktem
1185 4254 1267 4307 tdilro
1286 4253 1410 4307 srovnati
1434 4253 1537 4322 zpralvu
1557 4253 1642 4305 Boh⁷
1680 4264 1688 4269 ·

194 4342 308 4394 slavovu
330 4341 408 4408 jinou
432 4340 576 4409 (basnicky
601 4342 791 4409 vyslovenou),
816 4341 848 4393 ie
868 4341 995 4393 hanebne
1022 4340 1092 4393 kazil
1118 4357 1214 4408 mravy
1240 4340 1372 4394 mltldeie.
1400 4341 1440 4392 Po
1460 4341 1617 4392 Bohuslavo
1645 4349 1688 4382 *l

194 4429 282 4496 optilal
306 4429 437 4496 pomluvu
462 4436 491 4480 tu
516 4428 692 4496 nepl‘ltomny
719 4429 786 4479 toho
811 4428 878 4480 baeu
902 4414 1015 4480 Slechta
1040 4436 1135 4495 potom
1158 4444 1178 4480 r.
1199 4426 1265 4478 1511
1290 4443 1307 4478 v
1332 4427 1397 4480 listu
1422 4428 1439 4479 1
1462 4427 1615 4494 Sigmundo
1642 4437 1688 4472 vt

193 4514 307 4584 zJelenl
325 4518 427 4582 (srovn.
446 4515 492 4567 list
511 4513 578 4579 lun).
598 4514 707 4575 Balbus,
724 4513 771 4580 jak
790 4515 863 4566 virne
883 4513 1004 4580 odjinud,
1024 4515 1076 4567 stal
1090 4532 1119 4566 se
1133 4512 1240 4582 pozdaji
1260 4512 1417 4582 probostem
1438 4513 1674 4582 Prespurslrirn

194 4602 318 4654 lionedne
338 4600 483 4669 biskupem
497 4601 627 4669 Krcky'm,
641 4600 686 4669 byl
701 4618 735 4669 po
749 4602 801 4653 dvi
815 4602 869 4653 leta
883 4602 1095 4669 vychovatelem
1115 4599 1298 4668 kralovsiy‘ch
1318 4599 1375 4652 dart
1388 4600 1472 4668 Anny
1485 4618 1502 4654 3
1514 4599 1661 4652 Ludvlka.

194 4688 419 4757 Vladislavovy‘m
444 4688 611 4740 selrretalem
637 4705 653 4739 3
678 4687 856 4740 (11νέ1311313
883 4686 890 4738 1
915 4689 1023 4755 iastym
1055 4689 1160 4755 poslem
1186 4685 1429 4754 diplomaticlrym:
1458 4687 1526 4740 adal
1550 4681 1652 4738 mulne!

191 4774 245 4842 jest
263 4775 385 4828 srovnati
404 4793 434 4828 se
448 4774 518 4827 vslrn
538 4775 587 4827 tlm
607 4775 720 4827 haldeni
738 4774 840 4826 svrchu
859 4775 996 4827 dotcene?
1016 4774 1055 4826 Po
1074 4773 1197 4826 roztrlce
1210 4791 1223 4824 3
1237 4771 1420 4834 Viktorinem‚
1438 4790 1476 4841 po
1489 4772 1641 4826 neslubnkm

195 4862 331 4929 napadenl
357 4863 483 4914 mrtveho
506 4861 646 4929 pllznivce
672 4860 821 4913 Cimburlra
843 4860 897 4927 jest
922 4869 981 4913 toto
1006 4859 1121 4927 dvojalre
1147 4860 1317 4912 chordulae
1337 4859 1352 4911 1
1373 4858 1490 4912 Balbovi
1509 4877 1527 4910 v
1545 4872 1636 4927 povazr

195 4949 389 5002 Bohuslavove
409 4950 481 5016 noviv
507 4949 602 5015 temny'
621 4947 684 5007 bod,
710 4947 786 5014 lteri
810 4947 879 4999 iada
897 4947 1061 5014 vysvetleni,
1081 4946 1088 4998 i
1108 4945 1217 4999 nabude
1241 4945 1337 5014 zajiste
1363 4962 1452 5014 pouze
1471 4963 1487 4999 z
1505 4947 1632 5014 piemritl·

196 5034 269 5087 nosti
292 5034 357 5101 jeho
382 5033 564 5086 ndbolenske.
593 5033 723 5102 Smy'slelt
747 5033 848 5086 Balbus
873 5033 1032 5101 snaseliviji
1057 5052 1074 5087 u
1094 5034 1198 5085 vecech
1223 5032 1447 5101 nabolenslrych,
1468 5032 1515 5100 jair
1534 5032 1634 5099 dolraul

196 5120 322 5187 zejmena
339 5120 428 5182 basni,
447 5137 463 5171 v
483 5120 526 5172 nil
553 5120 748 5171 Bohuslavovu
774 5120 887 5172 nelaslru
907 5119 923 5170 1
942 5120 1022 5172 vlasti
1047 5119 1173 5187 polrdral3
1196 5126 1275 5186 proto
1295 5135 1312 5170 a
1330 5135 1379 5187 pro
1398 5119 1494 5188 utolry,
1515 5118 1592 5186 jimii
1609 5119 1635 5171 ho

197 5206 416 5274 pronasledovali
436 5207 574 5273 nepiatele
591 5205 656 5272 jeho
676 5206 800 5272 nekdejsl
814 5224 830 5256 v
844 5207 941 5265 Pallii,
961 5209 1013 5258 stal
1033 5223 1062 5257 se
1081 5208 1185 5257 terlem
1206 5205 1327 5273 pomluv,
1345 5203 1412 5271 jimi
1432 5205 1540 5274 horiivy
1559 5205 1636 5257 Bohu·

198 5296 256 5345 slav
274 5295 321 5346 rzld
342 5295 453 5345 valival.
472 5278 509 5344 Ze
528 5293 580 5360 pair
600 5292 729 5360 smysleje
748 5293 824 5345 talito
838 5311 855 5343 o
871 5293 994 5354 Balbovi,
1014 5298 1078 5360 plec
1098 5293 1245 5360 zasypr'rval
1262 5290 1298 5358 jej
1317 5291 1494 5359 pochvalami
1513 5308 1530 5345 3
1549 5292 1640 5345 ullvati
