3660 5850
186 371 239 428 lm
866 373 959 434 1509.

187 589 271 652 Nam
294 607 368 650 cum
392 583 440 669 (ut
462 603 548 648 nunc
570 607 620 649 res
643 607 677 650 se
700 584 811 670 hahet)
834 587 986 651 adversus
1015 588 1202 672 religionem
1225 587 1273 649 vel
1297 586 1376 651 falso
1408 589 1519 649 omnia
1540 585 1629 648 blate-

184 713 254 755 rare
276 693 377 766 liceat,
401 701 433 753 et
455 690 577 766 dehis,
600 694 655 772 qui
678 692 809 754 foenum
831 695 864 754 in
885 712 987 755 comu
1016 693 1146 767 habent,
1169 711 1211 754 ne
1234 695 1349 755 mutire
1377 692 1512 774 quidem
1534 702 1632 754 tutum

186 799 234 871 sit,
257 797 357 858 mavis
365 796 394 875 *)
418 795 459 858 de
483 795 556 858 diva
578 794 706 879 Agnete
735 815 834 876 quam
865 797 908 859 de
937 816 1107 878 procerum
1138 808 1323 859 nostrorum
1354 798 1501 859 moribus
1523 795 1565 857 ad
1587 814 1635 857 me

184 901 332 964 scribere.
367 900 505 964 Gaudeo
527 901 590 962 hoc
612 903 742 983 ingenio
773 912 845 976 tuo;
877 902 1021 980 reperisti
1049 902 1135 963 enim
1165 911 1276 975 artem,
1299 920 1364 982 qua
1392 911 1425 963 et
1448 901 1527 962 mihi
1549 901 1633 961 satis·

186 1006 303 1068 faceres
326 1016 357 1067 et
380 1007 549 1080 neminem,
572 1007 597 1066 si
621 1005 703 1067 forte
726 1004 834 1067 literae
857 1017 932 1068 tuae
954 1007 1150 1086 interceptae
1172 1016 1288 1079 essent,
1312 1004 1506 1067 offenderes.
1529 1003 1638 1065 Facito

184 1111 298 1184 solum,
321 1120 356 1171 ut
379 1127 570 1188 perseveres
605 1107 693 1171 Malo
715 1111 801 1171 enim
824 1120 856 1171 te
878 1128 1072 1190 quacunque
1102 1109 1144 1171 de
1167 1110 1362 1171 rescribere
1391 1127 1493 1189 quam
1516 1120 1639 1170 mutum

83 1220 86 1225 '
184 1233 264 1287 esse,
293 1216 421 1275 tametsi
451 1216 521 1293 ipso
552 1232 683 1293 quoquc
714 1213 880 1295 opusculo,
911 1212 1000 1294 quod
1031 1213 1073 1274 ad
1102 1232 1156 1275 me
1186 1215 1305 1287 misisti,
1335 1213 1543 1274 vehementer
1570 1231 1639 1273 sum

186 1318 370 1381 delectatus.
394 1314 544 1380 Continet
566 1319 651 1379 enim
674 1317 775 1379 multa
798 1319 924 1396 pietatis
939 1319 1124 1397 virtutisque
1146 1317 1297 1397 exempla
1318 1326 1351 1380 et
1373 1336 1458 1397 quae
1475 1317 1517 1378 ad
1533 1336 1640 1378 mores

185 1422 392 1505 corrigendos
409 1421 701 1501 instituendamque
715 1424 812 1484 vitam
828 1422 1001 1500 plurimum
1017 1422 1195 1485 conferunt.
1215 1420 1325 1501 Atque
1340 1423 1465 1483 utinam
1481 1421 1640 1482 foeminae

185 1537 314 1588 nostrae
344 1537 487 1587 sanctam
517 1525 600 1587 hanc
630 1526 782 1607 virginem
812 1528 920 1604 potius
950 1538 1167 1606 sequerentur,
1199 1545 1297 1605 quam
1328 1525 1406 1587 luxu
1436 1524 1588 1603 fastuque
1610 1535 1641 1586 et

185 1631 260 1692 virili
279 1630 437 1693 interdum
458 1629 656 1709 impudentia
680 1629 918 1691 insolescerent.
941 1629 1006 1694 Sed
1029 1631 1162 1693 forsitan
1185 1630 1239 1691 ubi
1264 1648 1368 1692 mares
1391 1628 1502 1691 divum
1518 1627 1642 1689 Vence

185 1735 288 1796 slaum
310 1735 421 1796 imitati
444 1734 566 1809 luerint,
589 1735 747 1796 foeminae
770 1753 902 1814 quoque
932 1753 980 1809 ea,
1004 1753 1088 1815 quae
1111 1753 1241 1797 suarum
1271 1735 1411 1812 partium
1440 1743 1544 1805 erunt,
1575 1750 1641 1793 non

186 1841 344 1902 omittent.
375 1837 473 1918 Quod
496 1839 615 1912 scribis,
639 1850 673 1901 ut
697 1839 854 1916 hymnum
876 1838 1032 1918 sapphico
1056 1840 1194 1900 carmine
1217 1839 1248 1898 in
1270 1837 1408 1898 eandem
1431 1836 1543 1898 divam
1566 1855 1641 1898 con·

185 1942 298 2017 ficiam,
320 1961 434 2024 geram·
452 1942 606 2004 voluntati
629 1953 703 2004 tuae
730 1961 862 2016 morem,
884 1943 940 2003 ubi
962 1945 1065 2005 otium
1088 1943 1321 2029 nactusjuero.
1353 1941 1445 2002 Vale.
1476 1939 1529 2002 Ex
1555 1940 1640 2002 Has·

183 2057 335 2123 sensteyn
359 2047 400 2110 27
424 2045 611 2108 Decembris
633 2065 719 2108 anno
743 2046 873 2109 Domini
899 2046 990 2111 1509.

272 2232 346 2286 Mitis
365 2233 410 2285 mi
435 2232 475 2300 pii
499 2232 563 2286 listu
587 2241 676 2286 tomto
699 2233 748 2286 rolr
768 2230 843 2296 1509,
862 2231 1005 2302 ponevadi
1029 2233 1139 2287 tenkrat
1163 2234 1237 2301 novi
1255 2232 1304 2286 rok
1322 2231 1433 2301 poclnal
1453 2249 1485 2285 se
1503 2231 1547 2284 25.
1567 2248 1639 2300 pros.

184 2306 222 2375 Ze
242 2321 354 2374 vroeent
373 2324 440 2372 naec
459 2319 576 2388 sprfvne
598 2318 661 2387 jest,
680 2319 813 2386 dolrazujc
833 2319 878 2373 list
896 2319 1067 2387 naisledujfcf,
1083 2318 1166 2387 jehoi
1191 2318 1278 2372 obsah
1300 2318 1405 2382 11111111,
1424 2318 1456 2371 ie
1477 2319 1586 2386 napsAn
1605 2334 1641 2370 na

185 2409 304 2476 poedtlru
322 2425 343 2461 r.
357 2407 438 2470 1509;
457 2425 473 2460 a
491 2425 508 2458 v
521 2407 583 2460 liste
602 2413 691 2459 tomto
709 2407 798 2476 poella
811 2407 952 2460 Bohuslav
964 2406 1062 2477 Janovi
1081 2407 1203 2475 hymnus
1222 2407 1291 2459 lrsv.
1304 2406 1426 2469 Aneice,
1446 2406 1525 2474 kterji
1546 2423 1565 2457 v
1578 2405 1640 2458 liste

185 2499 280 2547 naiern
303 2494 378 2563 jemu
403 2493 450 2562 byl
468 2493 549 2547 slfbil.
576 2494 661 2562 Slovy
682 2493 784 2546 »virilis
802 2493 974 2562 impudentia
995 2493 1160 2546 feminarum
1186 2499 1356 2546 nostrarum«
1377 2492 1473 2545 naraii
1493 2511 1524 2545 se
1544 2492 1639 2559 zajiati

185 2599 221 2634 na
239 2582 379 2634 ardnatost
398 2581 520 2649 Mastya
540 2580 678 2633 Boslrovic
697 2582 798 2647 (srovn.
818 2580 864 2634 list
882 2579 954 2647 156).

878 2898 948 2962 164.

600 3053 821 3128 Bohuslav
843 3053 995 3148 Janovi
1027 3076 1051 3125 z
1079 3051 1221 3148 Pibry.

271 3240 291 3296 Ζ
311 3240 466 3298 118811ίοί118
490 3241 583 3309 (1509)
605 3272 637 3281 -
659 3243 704 3298 24.
725 3243 812 3299 lodna.
843 3241 994 3312 Vyslovuje
1019 3241 1095 3295 lltost
1118 3258 1187 3294 svou
1212 3241 1265 3294 nad
1290 3239 1440 3294 udilostmi
1466 3238 1640 3307 Praisermi

185 3329 192 3381 i
206 3328 271 3380 kara
283 3327 496 3381 nevlastenecke
510 3328 633 3396 rozbrojc
652 3346 669 3382 a
687 3328 846 3397 pfnovitost
863 3329 981 3397 sprdvcu
999 3329 1160 3398 zemsquch.
1178 3329 1262 3382 Proto
1280 3328 1329 3396 pry
1343 3326 1465 3381 nechodl
1479 3343 1516 3379 na
1530 3328 1639 3394 snemy.

183 3416 295 3468 Podrivfr
307 3417 409 3484 zpravu
422 3432 438 3466 o
451 3413 548 3484 dobytf
560 3416 778 3483 Portugalslreho
797 3419 886 3469 mesta
899 3415 1001 3484 Arzilly
1014 3434 1031 3468 v
1041 3415 1143 3479 hince,
1156 3431 1173 3467 a
1185 3415 1273 3483 poelli
1291 3415 1413 3482 hymnus
1432 3413 1449 3466 k
1462 3430 1503 3466 sv.
1517 3413 1640 3466 Aneice„

183 3504 262 3563 (Luc.
282 3503 340 3567 152,
359 3502 510 3571 vinaricky
530 3501 599 3569 103.)

268 3679 382 3760 Joanni
413 3699 473 3742 suo
497 3679 538 3740 de
561 3678 653 3740 Pibra
677 3700 699 3740 s
723 3699 753 3758 p.
777 3679 806 3741 d.
841 3678 908 3741 Etsi
939 3678 1038 3740 multa
1068 3677 1110 3739 de
1139 3678 1234 3740 rebus
1263 3676 1476 3758 Pragensibus
1506 3677 1551 3738 ab
1582 3676 1638 3750 his,

184 3786 237 3864 qui
268 3782 309 3843 ad
337 3802 389 3843 me
418 3782 593 3844 identidem
620 3782 786 3858 divertunt,
817 3782 932 3856 audivi,
962 3802 1001 3844 ea
1023 3792 1131 3843 tamen
1162 3784 1269 3843 omnia
1300 3781 1519 3860 epistolarum,
1554 3799 1639 3860 quae

185 3887 226 3948 ad
250 3907 302 3947 me
326 3888 444 3958 misisti,
468 3887 664 3964 exemplaria
688 3886 801 3947 clarius
826 3886 1086 3967 manifestiusque
1109 3886 1277 3967 explicant,
1308 3886 1493 3964 factumque
1516 3895 1575 3958 est,
1604 3896 1640 3945 ut

185 3993 263 4053 inter
286 3990 458 4072 legendum
482 3990 656 4051 delectarer
678 3991 771 4051 simul
794 4003 825 4052 et
848 3990 1000 4052 dolerem.
1032 3991 1117 4052 Nam
1142 4009 1226 4069 quae
1248 3992 1438 4072 cognovisse
1461 3989 1640 4051 iucundum

185 4096 249 4165 fuit,
273 4094 424 4157 accidisse
448 4105 554 4156 tamen
586 4115 623 4156 ea
647 4094 795 4157 dolorem
825 4095 1072 4176 molestiamque
1095 4094 1171 4156 mihi
1194 4094 1306 4155 attulit.
1337 4094 1464 4155 Vereor
1486 4095 1585 4166 enim,
1615 4095 1640 4153 si

184 4202 264 4282 ignis
287 4200 337 4260 iric
360 4202 440 4260 vires
463 4200 589 4278 ceperit,
620 4208 652 4259 et
675 4198 799 4260 occulta
821 4218 990 4279 procerum
1014 4209 1197 4261 nostrorum
1227 4197 1302 4260 odia
1331 4199 1363 4259 in
1386 4208 1534 4277 apertam
1557 4196 1642 4260 sedi-

184 4305 304 4365 tionem
328 4305 495 4382 eruperint,
519 4321 559 4363 ne
582 4314 684 4364 totam
708 4322 818 4365 secum
841 4305 1035 4382 provinciam
1062 4305 1094 4365 in
1116 4321 1271 4382 praeceps
1293 4302 1428 4375 trahant,
1459 4312 1500 4376 et,
1532 4314 1569 4364 ut
1590 4300 1643 4364 ille

184 4410 235 4480 ait,
259 4407 335 4468 dum
361 4407 494 4468 delirant
518 4427 617 4488 reges,
640 4405 753 4468 Achivi
775 4407 961 4487 plectantur.
989 4407 1104 4487 Neque
1127 4409 1211 4468 enim
1235 4418 1309 4487 post
1331 4406 1510 4468 simultates
1532 4407 1643 4469 huius·

185 4511 272 4573 modi
295 4522 392 4591 atque
415 4512 631 4574 dissensiones
654 4511 739 4572 aliud
755 4531 853 4591 quam
869 4511 958 4585 bella,
983 4511 1105 4583 caedes
1128 4514 1298 4585 vastitates,
1313 4512 1441 4589 rapinas
1456 4523 1488 4572 et
1505 4523 1644 4585 caetera,

184 4636 266 4695 quae
289 4634 456 4694 perversos
478 4615 735 4695 depravatosque
759 4634 866 4677 mores
888 4627 1137 4696 consequuntur,
1160 4626 1331 4693 expectare
1353 4614 1512 4676 convenit.
1548 4615 1646 4677 Prae·

184 4720 268 4781 clare
298 4719 429 4799 quidem
460 4739 573 4780 omnes
603 4719 771 4798 loquimur,
802 4718 970 4781 laudamus
1000 4721 1159 4792 iustitiam,
1189 4718 1412 4798 praedicamus
1439 4717 1541 4779 fidem
1569 4738 1647 4800 pro·

185 4825 389 4902 bitatemque‚
412 4824 627 4892 innocentiam
651 4825 681 4883 in
705 4823 829 4884 coelum
853 4824 987 4898 ferimus
1010 4823 1097 4907 leges
1120 4833 1151 4884 et
1174 4826 1369 4902 aequitatem
1391 4841 1525 4904 semper
1540 4825 1572 4885 in
1590 4844 1648 4886 ore

183 4928 348 5000 habemus,
380 4927 476 5006 idque
506 4927 590 4987 adeo
614 4927 788 5007 magnificis
811 4929 915 4989 verbis
938 4937 1100 5001 testamur,
1131 4938 1166 4988 ut
1190 4939 1344 5006 patronos
1375 4926 1577 5007 reipublicae
1598 4928 1648 4991 di-

184 5052 286 5093 ceres:
318 5031 376 5091 sed
400 5035 506 5092 nescio
530 5031 708 5110 quomodo,
739 5031 817 5092 dum
841 5050 954 5093 omnes
977 5041 1128 5111 optamus
1151 5028 1293 5094 Catones
1315 5029 1422 5106 videri,
1455 5051 1582 5117 magna
1605 5054 1649 5096 ex

272 5289 297 5354 τῖΐ1
319 5289 392 5339 Mitis
411 5287 510 5355 vytisltl
531 5288 627 5354 magis.
