3696 5836
193 381 244 436 164
793 419 805 442 .
870 387 963 446 1507.

192 595 280 656 cordi
304 616 374 657 esse
396 598 553 658 existimo.
589 597 707 661 Desine
729 600 834 663 solum
858 603 1000 662 animum
1024 622 1133 664 meum
1165 604 1293 664 turbare
1316 615 1347 664 et
1370 624 1409 664 ea
1433 604 1475 665 ad
1503 623 1558 665 me
1582 607 1659 666 scri-

194 701 279 773 bere,
303 719 386 780 quae
410 719 461 760 me
483 702 615 764 anxium
638 703 777 766 reddunt
792 705 1023 785 solicitumque,
1047 725 1087 767 ne
1111 707 1187 787 quid
1211 706 1381 768 adversum
1397 718 1438 783 te,
1462 727 1562 788 quem
1589 728 1656 770 ma-

194 806 282 866 xime
306 807 450 867 omnium
474 825 558 881 amo,
585 807 781 888 delinquam.
826 808 877 870 De
907 829 941 870 re
971 809 1107 872 literaria
1138 809 1214 872 illud
1244 810 1419 873 identidem
1442 822 1532 893 peto,
1563 813 1655 893 quod

194 910 258 969 iam
273 929 356 989 pene
371 909 481 972 millies
503 913 608 990 petivi,
630 910 692 973 hoc
715 921 764 973 est
779 921 814 974 ut
830 915 855 975 is
870 915 921 988 sis,
945 915 1000 992 qui
1015 913 1170 976 hactenus
1192 916 1393 978 consuevisti.
1416 915 1511 992 Vale,
1535 920 1654 980 suavis-

194 1015 275 1074 sime
299 1013 490 1075 Bernharde.
513 1014 565 1076 Ex
589 1014 810 1096 Hassensteyn
833 1017 883 1081 24.
907 1016 1104 1080 Decembris.

281 1220 401 1273 Vrodenl
420 1219 541 1274 udineno
559 1220 703 1274 vzhledem
723 1221 756 1274 ke
775 1221 858 1291 koupi
877 1221 956 1286 lione,
976 1240 993 1277 ο
1011 1222 1057 1276 nii
1075 1222 1121 1277 list
1139 1224 1221 1278 slroro
1240 1225 1383 1294 vibradne
1399 1226 1493 1294 jedna,
1514 1228 1651 1282 Nicmdnk

194 1304 283 1359 dostal
301 1306 456 1361 Adelmann
475 1307 619 1362 iidaneho
638 1307 709 1362 kone
727 1315 806 1378 teprv
824 1326 860 1379 po
875 1307 937 1378 jaru
955 1310 1024 1365 rolru
1043 1310 1212 1366 budouciho.
1232 1314 1330 1367 Srovn.
1349 1313 1396 1368 list
1415 1312 1475 1370 138.

887 1648 956 1713 133.

486 1799 707 1876 Bohuslav
734 1803 935 1877 Ambroii
965 1803 1138 1880 Chrtovi
1165 1806 1349 1882 zptzne.

279 1985 300 2041 Ζ
327 1985 484 2046 Ηιεῑῦίοίιιι
507 1990 600 2057 (1507)
619 2020 651 2030 -
669 1992 715 2048 30.
736 1992 823 2050 letina.
854 1994 1005 2048 Predkitda
1029 1994 1139 2063 prosbu‚
1163 1995 1218 2066 aby
1242 1994 1386 2050 sluiebnilr
1408 1996 1475 2065 jeho
1498 1998 1650 2052 Frantidelr

194 2073 357 2136 Schneittel,
376 2078 598 2148 praesentovany
617 2079 653 2131 od
671 2078 762 2132 bratra
781 2098 817 2133 na
835 2079 894 2134 faro
912 2098 946 2134 ve
961 2081 1047 2135 Velle
1061 2081 1119 2146 Vsi,
1139 2084 1208 2137 smel
1227 2083 1352 2138 ordinaci
1371 2101 1440 2138 svou
1459 2085 1584 2150 odloiiti,
1603 2103 1650 2156 po·

194 2160 300 2212 nevadi
319 2159 413 2215 sluieb
429 2161 496 2229 jeho
514 2163 665 2233 potiebuje,
683 2183 700 2219 a
718 2166 801 2220 zatim
820 2183 858 2220 na
875 2166 932 2221 iaie
951 2168 977 2221 te
997 2168 1056 2222 miti
1075 2169 1216 2240 zastupce.
1234 2170 1313 2238 (Luc.
1333 2168 1384 2224 132
1392 2173 1425 2239 b.)

279 2354 420 2418 Domino
436 2355 612 2421 Ambrosio
635 2358 714 2423 Chrt
736 2361 777 2423 de
793 2360 896 2423 Pilzna
919 2361 1163 2426 administratori
1180 2364 1472 2444 archiepiscopatus
1491 2366 1650 2430 ecclesiae

194 2456 359 2540 Pragensis
381 2479 405 2521 s.
428 2480 459 2541 p.
482 2462 513 2523 d.
536 2462 739 2526 Franciscum
762 2469 955 2549 cognomine
978 2466 1151 2531 Schneittel
1171 2468 1214 2529 de
1231 2466 1402 2544 Tachovia,
1425 2471 1480 2550 qui
1502 2469 1651 2549 pluribus

195 2565 284 2624 annis
307 2564 337 2624 in
352 2565 468 2628 familia
491 2586 564 2629 mea
586 2579 729 2630 versatus
751 2581 807 2644 est,
830 2569 924 2632 frater
947 2590 1037 2633 meus
1060 2571 1101 2633 ad
1117 2571 1282 2633 ecclesiam
1308 2572 1446 2655 Magnae
1461 2572 1570 2636 Villae
1588 2593 1650 2653 pro

195 2666 334 2746 plebano
357 2672 578 2748 praesentavit.
613 2675 641 2736 Is
665 2674 709 2736 ob
733 2693 804 2735 eam
827 2694 956 2736 causam
988 2679 1225 2757 quamprimum
1248 2676 1289 2737 ad
1312 2677 1440 2739 ordines
1462 2681 1651 2757 promoveri

196 2781 227 2832 et
250 2774 454 2837 sacerdotum
478 2797 612 2840 numero
643 2779 780 2841 adscribi
803 2782 897 2858 cupit,
928 2781 1016 2861 quod
1039 2800 1101 2864 ego
1124 2800 1190 2842 non
1216 2781 1322 2843 solum
1345 2801 1411 2844 non
1433 2782 1650 2861 reprehendo,

195 2878 253 2941 sed
276 2881 371 2940 etiam
395 2900 591 2964 magnopere
605 2882 712 2957 laudo,
734 2894 766 2945 et
782 2886 870 2961 pium
892 2894 1105 2965 sanctumque
1127 2885 1241 2948 iudico.
1265 2884 1349 2965 Quia
1364 2898 1471 2948 tamen
1487 2885 1553 2949 hoc
1569 2898 1651 2950 tem-

196 3004 273 3064 pore
295 3003 361 3046 non
384 3004 516 3064 possum
540 3006 580 3047 eo
603 2987 776 3049 commode
799 2998 831 3049 et
845 2990 913 3049 sine
935 2988 1128 3051 detrimento
1151 3009 1265 3065 carere,
1288 3000 1400 3071 utpote
1423 2993 1478 3067 qui
1495 2994 1651 3071 proxima

195 3088 439 3170 quadragesima
462 3089 525 3152 fide
547 3092 614 3153 eius
636 3102 855 3172 consuetaque
878 3112 976 3172 opera
992 3095 1023 3155 in
1040 3094 1145 3156 multis
1169 3113 1283 3156 usurus
1306 3115 1385 3170 sum,
1408 3114 1530 3175 precor,
1555 3108 1592 3159 ut
1606 3096 1649 3172 id,

79 3248 83 3253 .
196 3193 285 3274 quod
308 3196 448 3268 instituit,
478 3196 569 3258 liceat
592 3199 620 3258 ei
643 3206 698 3257 tua
725 3215 799 3257 cum
825 3199 915 3258 venia
944 3197 1079 3272 differre,
1111 3197 1220 3278 quoad
1254 3201 1323 3278 ipse
1352 3200 1448 3262 rebus
1478 3202 1559 3263 meis
1590 3219 1650 3281 per

195 3299 291 3360 alium
315 3298 480 3360 consulere
503 3303 631 3378 possim.
665 3297 812 3362 Arbitror
835 3312 941 3363 autem
972 3301 1051 3362 haee
1073 3321 1214 3382 aequum
1237 3322 1308 3365 esse
1333 3323 1386 3364 me
1408 3304 1467 3365 abs
1489 3316 1522 3367 te
1546 3307 1651 3384 impe·

196 3413 294 3476 trare;
328 3421 402 3463 nam
432 3422 498 3463 rem
530 3403 607 3464 mihi
638 3404 768 3485 quidem
798 3406 975 3485 perutilem,
1004 3407 1120 3467 nemini
1152 3417 1260 3468 autem
1286 3409 1418 3470 omnino
1452 3407 1650 3471 damnosam

196 3505 298 3567 facies
321 3506 420 3586 Quod
443 3509 529 3573 enim
552 3507 593 3568 ad
610 3509 784 3584 ecclesiam,
807 3513 856 3572 cui
879 3509 1129 3590 praesectums*J
1153 3522 1211 3587 est,
1233 3514 1352 3588 attinet,
1374 3532 1440 3574 non
1460 3515 1567 3574 minus
1591 3532 1651 3593 per

196 3612 403 3672 substitutum
426 3630 524 3692 quam
547 3631 604 3690 per
626 3632 661 3674 se
683 3615 787 3693 ipsum
813 3614 1000 3677 Franciscus
1026 3614 1213 3694 plebeculae
1242 3616 1284 3679 illi
1304 3619 1429 3680 interim
1459 3615 1648 3697 providebit,

196 3734 301 3795 neque
324 3717 420 3777 etiam
443 3715 525 3777 ullos
556 3716 674 3778 fructus
703 3718 761 3779 sibi
792 3737 834 3779 ex
863 3719 1073 3797 proventibus
1104 3719 1248 3780 eiusdem
1274 3719 1425 3782 ecclesiae
1455 3719 1648 3793 vendicabit,

197 3819 300 3881 donec
322 3818 364 3881 ad
388 3819 556 3882 sacerdotii
580 3821 725 3882 ordinem
756 3835 923 3901 promotus
947 3823 1045 3897 fuerit,
1081 3842 1164 3902 quae
1186 3825 1294 3885 omnia
1317 3843 1359 3885 ex
1382 3842 1421 3885 eo
1445 3823 1572 3902 plenius
1595 3844 1649 3886 co

196 3943 340 4006 gnosces.
373 3923 444 4005 Ego
466 3936 559 3999 certe,
582 3936 672 4004 pater
692 3923 852 3999 Ambrosi,
883 3928 939 3990 tibi
961 3947 1021 4007 pro
1044 3938 1152 3991 nostra
1175 3929 1271 3990 veteri
1293 3928 1430 3990 amicitia
1458 3930 1571 3990 omnia
1594 3948 1649 3991 me

197 4029 315 4091 debere
337 4030 501 4103 confiteor,
528 4031 629 4092 multo
654 4041 761 4091 tamen
785 4031 1008 4112 obligatiorem
1033 4035 1163 4111 putab0,
1194 4034 1220 4093 si
1242 4034 1272 4093 in
1294 4033 1473 4113 praesentia
1496 4034 1649 4112 precibus

196 4134 275 4193 meis
297 4132 384 4212 apud
408 4145 439 4195 te
462 4132 552 4195 loeus
575 4135 639 4196 erit.
663 4134 754 4196 Vale.
777 4134 828 4196 Ex
852 4135 1074 4214 Hassensteyn
1096 4134 1271 4215 penultima
1290 4134 1436 4217 januarii.

283 4336 388 4390 Listem
408 4337 488 4390 tlmto
506 4337 649 4406 zahajeno,
665 4337 712 4406 jair
730 4356 760 4392 se
779 4340 843 4392 nim
863 4340 923 4402 zdi,
939 4338 1053 4407 jednanl
1071 4340 1267 4394 Bohuslavovo
1285 4358 1299 4393 a
1318 4339 1475 4394 lratolickou
1493 4339 1648 4396 konsistoii

197 4423 335 4476 Praiskou
355 4442 371 4476 o
390 4425 535 4478 Frantiilra
554 4426 734 4480 Schneittela.
763 4426 884 4480 Vrodeni
903 4429 988 4480 visch
1004 4427 1118 4495 jednlml
1137 4428 1204 4480 toho
1222 4427 1373 4496 tyliajicich
1391 4444 1421 4480 se
1440 4426 1505 4481 listti
1522 4427 1648 4482 utineno

197 4528 232 4564 na
250 4511 363 4564 zallade
382 4512 553 4579 posledniho,
573 4513 651 4582 liter>t
670 4514 715 4566 mi
734 4512 821 4566 urdite
844 4514 938 4566 datum
959 4513 999 4567 15.
1018 4514 1075 4566 zali
1095 4513 1163 4567 1508
1180 4515 1259 4583 (Luc.
1279 4513 1330 4567 145
1339 4515 1370 4581 b).
1399 4513 1452 4567 Nic
1474 4514 1647 4584 neodporuje

195 4597 309 4650 vrodenl
327 4605 413 4660 romu,
433 4616 466 4650 co
486 4617 502 4650 v
521 4600 618 4652 listech
637 4599 786 4662 ubsaleno,
804 4600 846 4652 ale
866 4601 967 4653 mnohe
987 4601 1123 4654 olrolnosti
1143 4620 1159 4653 ο
1178 4601 1334 4670 sprtivnosti
1351 4599 1417 4669 jeho
1435 4601 1539 4654 svtdet.
1561 4602 1647 4655 Fran·

195 4684 266 4736 tisek
279 4685 329 4737 zde
342 4685 483 4754 doty'lran)⁵
496 4690 592 4754 patrne
612 4687 749 4755 nastoupil
768 4704 785 4739 u
804 4687 962 4740 Bohuslava
981 4688 1064 4740 misto
1083 4688 1222 4741 sekretale
1240 4705 1276 4755 po
1292 4686 1441 4749 Lulraiovi,
1456 4684 1522 4753 jend
1541 4690 1647 4742 zerniel

196 4788 214 4822 v
232 4770 334 4825 bleznu
353 4790 374 4825 r.
394 4772 461 4825 1505
479 4773 532 4840 (viz
552 4774 596 4827 list
616 4773 683 4838 110).
706 4773 787 4843 Listy
802 4773 869 4841 jeho
887 4791 917 4826 se
935 4773 1049 4842 ty'lrajicl
1065 4773 1128 4842 jsou
1147 4773 1233 4826 mimo
1252 4780 1330 4826 tento
1349 4772 1407 4836 134,
1428 4771 1486 4836 135,
1507 4772 1566 4836 141,
1587 4773 1646 4838 142,

198 4857 489 4923 152,153,154,158,
515 4859 572 4914 160.
603 4860 724 4914 Ambroi
748 4861 815 4914 Chrt
839 4861 966 4926 zrizne,
990 4860 1079 4916 dekan
1104 4859 1234 4932 kapitoly,
1260 4859 1312 4914 stol
1336 4877 1367 4913 se
1390 4857 1646 4916 administratorem

195 4960 216 4996 r.
236 4942 310 4998 1499.
329 4944 422 5012 (Frind
441 4946 492 4998 KG
511 4947 566 5015 IV.)

283 5293 309 5360 *)
327 5279 370 5346 011
388 5290 569 5368 praefuturus,
