3660 5850
183 324 235 379 120
868 329 948 388 1501.

184 539 347 602 confiteor.
386 540 425 602 lit
460 561 644 621 quanquam
676 545 781 603 omnis
810 543 1010 622 eloquentiae
1041 553 1115 604 tuae
1138 561 1253 603 nervos
1283 540 1439 615 intendas,
1469 560 1629 622 nunquam

184 656 291 705 tamen
322 664 373 705 me
396 647 437 706 ab
465 646 524 707 hac
553 649 709 708 sententia
737 646 921 708 dimovebis.
953 666 1058 726 neque
1088 645 1152 707 ulla
1173 644 1319 708 fortunae
1343 647 1389 708 vis
1412 645 1536 720 essrciet,
1558 647 1630 725 quin

183 749 347 813 Sslechtae
363 759 395 810 et
410 750 572 810 obnoxius
592 753 651 811 sim
667 762 699 812 et
714 770 808 832 agam
833 751 1034 830 habeamque
1056 753 1181 834 gratias.
1205 748 1249 813 Ut
1272 752 1358 811 enirn
1374 751 1632 829 praetermittam,

184 874 249 934 qua
272 854 494 915 benevolentia
516 866 613 933 atque
636 854 832 916 humanitate
862 855 921 916 abs
954 867 986 916 te
1016 853 1126 916 Budae
1149 866 1305 933 exceptus
1327 853 1379 927 lui,
1402 852 1482 933 quid
1506 852 1632 914 tandem

184 977 327 1038 unquam
350 959 493 1039 negasti?
522 978 618 1037 quern
644 978 788 1020 meorum
812 961 868 1019 tibi
891 960 1005 1021 frustra
1036 957 1280 1020 commendavi?
1306 956 1383 1037 quid
1407 976 1530 1029 eorum,
1553 976 1633 1037 quae

184 1063 225 1124 ad
257 1081 308 1122 me
339 1061 520 1122 ornandum
549 1075 694 1141 spectare
721 1064 891 1124 arbitratus
922 1083 964 1132 es,
995 1061 1181 1144 neglexisti?
1217 1060 1312 1142 Quae
1334 1080 1397 1143 ego
1421 1063 1480 1122 nisi
1505 1063 1633 1122 maximi

184 1167 319 1227 lacerem
345 1177 376 1226 et
399 1168 525 1243 penitus
541 1168 571 1227 in
587 1169 728 1227 animum
753 1167 965 1241 admitterem,
987 1185 1094 1227 nonne
1117 1166 1173 1227 tibi
1196 1165 1331 1227 delirare
1353 1164 1496 1226 viderer?
1518 1162 1633 1245 Quanti

184 1289 291 1332 rursus
314 1269 388 1331 illud
420 1269 600 1331 laciendum
623 1290 743 1344 censes,
764 1271 853 1351 quod
876 1292 895 1332 a
917 1269 1071 1345 Sslechta,
1094 1272 1184 1331 cuius
1207 1270 1251 1331 ob
1273 1288 1311 1330 os
1334 1267 1422 1332 Graii
1444 1289 1503 1331 ora
1525 1270 1635 1330 obver-

185 1385 256 1436 tunt
279 1392 345 1447 sua,
369 1374 399 1433 in
422 1390 520 1452 quem
551 1393 648 1435 omne
671 1376 819 1437 virtutum
842 1393 952 1455 genus,
982 1377 1013 1435 in
1044 1392 1141 1453 quem
1171 1374 1280 1435 literae
1302 1392 1369 1434 uno
1392 1372 1487 1434 simul
1511 1374 1635 1455 agmine

184 1476 418 1552 confluxerunt,
451 1479 531 1539 inter
561 1481 680 1539 amicos
711 1479 880 1540 numeror?
917 1477 1042 1558 Quodsi
1071 1477 1251 1553 Trebatius,
1282 1488 1317 1540 ut
1347 1476 1398 1538 ille
1421 1478 1473 1549 ait,
1497 1476 1635 1537 malebat

185 1580 306 1643 consuli
323 1579 493 1644 aCaesare
516 1602 613 1662 quarn
638 1585 781 1655 inaurari,
805 1603 862 1644 cur
885 1602 947 1665 ego
963 1602 1028 1645 non
1045 1594 1156 1661 putem
1180 1581 1293 1643 melius
1317 1582 1374 1643 tibi
1397 1580 1526 1659 placere
1541 1599 1634 1660 quarn

183 1687 225 1746 ab
248 1685 309 1747 alio
333 1688 456 1767 magnis
478 1688 595 1765 opibus
617 1686 745 1748 donari?
767 1685 841 1749 Scio
865 1700 896 1748 te
919 1688 968 1748 his
991 1687 1120 1759 offendi,
1143 1686 1201 1748 sed
1228 1684 1372 1760 ludum
1397 1703 1473 1745 meo
1497 1683 1634 1762 periculo

184 1790 351 1851 modestus
374 1808 445 1851 esse
468 1791 521 1864 viS,
545 1794 632 1873 cogis
655 1810 707 1851 me
730 1812 767 1852 ea
791 1792 877 1871 apud
901 1804 932 1853 te
948 1791 1071 1861 referre,
1095 1808 1177 1870 quae
1200 1789 1288 1868 apud
1311 1787 1392 1850 alios
1414 1798 1446 1848 et
1470 1788 1634 1849 honestius

182 1903 214 1954 et
237 1893 385 1955 liberiore
407 1893 511 1956 fronte
534 1898 780 1956 commemorari
803 1907 943 1974 possent.
968 1893 1083 1956 lustius
1106 1897 1213 1973 itaque
1236 1892 1388 1972 deinceps
1410 1891 1517 1966 iacies,
1540 1892 1566 1952 si
1587 1910 1634 1952 me

183 2000 311 2078 patieris
333 1988 512 2059 memorem
529 1999 757 2060 beneficiorum
779 2012 909 2062 tuorum
933 2018 1011 2072 esse,
1036 2018 1083 2072 ne,
1107 1998 1185 2059 dum
1209 2008 1241 2059 te
1265 1997 1337 2077 plus
1357 2014 1463 2076 aequo
1488 1994 1634 2067 demittis,

184 2102 259 2163 mihi
289 2100 375 2180 apud
404 2104 530 2183 ignaros
557 2121 684 2164 morum
713 2122 858 2164 meorum
892 2102 1122 2183 ingratitudinis
1156 2101 1334 2162 labeculam
1368 2101 1485 2162 inuras.
1525 2098 1573 2160 De
1604 2118 1634 2160 re

186 2205 435 2267 Wratislaviensi
464 2206 539 2267 nihil
574 2207 616 2268 ad
647 2220 678 2269 te
705 2207 842 2269 scribere
873 2226 1015 2287 possum,
1050 2225 1124 2267 nam
1147 2223 1254 2285 neque
1283 2223 1357 2267 cum
1380 2203 1485 2266 Balbo
1516 2204 1633 2265 interim

185 2310 327 2383 conveni,
350 2327 456 2388 neque
484 2310 534 2371 ille
565 2310 724 2385 mandata,
755 2330 838 2392 quae
861 2310 902 2372 ad
927 2330 978 2371 me
1000 2310 1103 2384 habet,
1134 2310 1230 2371 literis
1253 2307 1486 2372 committenda
1509 2308 1633 2387 putavit.

186 2412 333 2492 Expecto
356 2425 465 2475 tamen
489 2425 638 2477 eventurn
662 2418 706 2476 rei
729 2416 886 2477 constanti
909 2418 1102 2495 minimeque
1126 2415 1223 2475 anxio
1246 2416 1363 2475 animo.
1387 2412 1633 2475 Microcosmum

189 2527 280 2579 tuum
303 2518 364 2599 legi
387 2517 552 2599 diligenter
574 2532 606 2582 et
629 2521 743 2581 mirum
760 2523 789 2581 in
806 2519 941 2581 modum
964 2519 1139 2580 admiratus
1162 2535 1249 2593 sum;
1273 2536 1338 2579 non
1361 2527 1535 2578 contentus
1557 2517 1635 2576 enim

189 2622 284 2682 latina
307 2621 517 2701 philosophia,
544 2643 586 2684 ex
616 2623 814 2686 Graecorum
844 2622 1056 2702 Arabumque
1086 2622 1245 2702 mysteriis
1266 2623 1434 2682 innumera
1466 2621 1582 2692 eruisti,
1608 2628 1636 2678 et

188 2724 333 2787 doctrina
362 2725 457 2787 simul
486 2736 584 2806 atque
613 2725 794 2807 eloquentia
825 2730 916 2807 quasi
947 2727 1070 2788 duabas
1100 2727 1157 2787 alis
1187 2726 1359 2786 subvectus
1385 2722 1472 2785 adeo
1506 2722 1636 2785 sublirne

188 2829 309 2904 volitas,
325 2839 359 2889 ut
376 2829 451 2891 mihi
466 2832 574 2892 coelos
590 2830 822 2893 transcendisse
838 2845 870 2893 et
886 2834 917 2892 in
933 2834 1038 2911 ipsum
1054 2830 1159 2892 locum
1176 2828 1454 2910 supercoelestem,
1472 2848 1492 2888 a
1508 2828 1638 2899 nemine,

189 2944 222 2994 ut
246 2935 288 2994 ait
311 2933 411 3009 Plat0,
442 2938 518 2998 satis
540 2935 714 3006 laudatum,
746 2945 929 3014 penetrasse
959 2934 1101 3007 videaris,
1132 2934 1299 3012 multoque
1328 2933 1434 3010 aptius
1465 2932 1523 2993 tibi
1545 2948 1639 3010 quarn

186 3037 242 3111 his,
259 3040 312 3118 qui
327 3038 369 3099 de
384 3041 506 3101 ratione
522 3050 679 3118 motuque
695 3039 833 3102 siderum
850 3042 1050 3118 scripserunt,
1066 3036 1259 3099 Ovidianum
1273 3034 1350 3097 illud
1365 3036 1501 3097 asscribi
1515 3045 1638 3115 posset:

448 3196 569 3258 Felices
591 3199 724 3272 animae,
747 3200 863 3277 quibus
887 3198 965 3258 haec
988 3197 1172 3278 contingere
1198 3198 1346 3276 primum,

553 3303 651 3381 lnque
674 3302 792 3364 domos
814 3322 946 3382 superas
969 3301 1121 3363 scandere
1144 3319 1219 3362 cura
1242 3298 1307 3361 luit.

189 3456 351 3536 Quoniam
375 3470 483 3519 autem
513 3456 664 3519 iudicium
688 3477 796 3519 meum
820 3462 959 3537 requiris,
986 3460 1095 3537 accipe
1117 3456 1195 3538 quid
1218 3458 1362 3518 sentiam.
1400 3452 1529 3517 Censeo
1553 3455 1645 3519 enim.

189 3574 223 3623 ut
247 3581 288 3622 ex
313 3561 438 3623 Horatii
460 3561 612 3642 Fabiique
635 3562 768 3623 consilio
792 3562 905 3623 librum
929 3574 1029 3637 tuum,
1052 3564 1077 3623 si
1100 3563 1155 3624 tibi
1179 3560 1292 3622 saltem
1315 3578 1365 3620 res
1388 3560 1511 3640 integra
1534 3570 1594 3631 est,
1616 3560 1646 3617 in

190 3684 311 3727 nonum
331 3684 468 3744 reponas
491 3685 619 3727 annum.
651 3666 766 3746 Neque
788 3666 867 3727 haec
883 3668 996 3740 scrib0,
1020 3666 1109 3746 quod
1133 3664 1250 3745 aliquid
1275 3661 1504 3745 corrigendum
1520 3673 1647 3724 mutan·

190 3748 306 3831 dumve
330 3781 448 3849 putem,
472 3769 528 3831 sed
552 3773 627 3849 quia
643 3790 740 3831 nemo
757 3770 849 3832 huius
873 3772 976 3850 operis
1001 3771 1112 3831 melior
1134 3788 1249 3831 censor
1271 3770 1327 3829 erit
1351 3784 1449 3846 quarn
1475 3778 1519 3839 tu,
1543 3768 1570 3826 si
1595 3766 1647 3826 ali-

190 3872 321 3952 quando
344 3874 472 3936 lectoris
495 3877 595 3957 magis
618 3894 715 3955 quam
739 3877 857 3936 autoris
881 3876 988 3935 animo
1012 3874 1053 3935 ad
1084 3894 1132 3946 ea,
1163 3892 1247 3953 quae
1270 3871 1430 3950 scripsisti,
1455 3871 1649 3943 accesseris;

190 3997 293 4057 neque
317 3977 439 4052 dubito,
463 3979 539 4057 quin
556 3998 615 4057 pro
632 3981 746 4060 ingenii
771 3981 814 4042 tui
838 3979 1056 4061 magnitudine
1073 3978 1163 4056 plura
1178 3974 1395 4055 validioraque
1421 3976 1453 4034 in
1478 3992 1554 4035 earn
1580 3993 1649 4034 sen-

189 4083 320 4143 tentiam
342 4080 493 4142 allatutus
515 4085 564 4153 sis,
588 4093 620 4142 ct
643 4102 726 4162 quae
750 4083 844 4143 nobis
867 4083 938 4160 plus
964 4082 1084 4144 fructus
1106 4081 1343 4160 voluptatisque
1366 4079 1555 4158 praebitura
1579 4080 1650 4140 sint.

190 4183 314 4264 Quodsi
337 4188 476 4264 apertius
506 4206 558 4247 me
588 4207 681 4269 agere
712 4189 766 4261 vis,
797 4186 924 4247 mallem
948 4198 979 4247 te
1001 4188 1031 4246 in
1055 4186 1117 4247 alio
1141 4185 1300 4246 literarum
1323 4202 1440 4266 genere
1469 4181 1649 4251 elaborare,

189 4301 221 4349 et
237 4288 278 4348 de
295 4290 445 4363 moribus,
461 4289 502 4350 de
518 4292 749 4372 gubernatione
761 4309 939 4372 regnorum,
953 4290 995 4351 de
1011 4290 1219 4351 seditionibus
1235 4285 1467 4366 discordiisque
1480 4287 1650 4365 sopiendis

190 4393 332 4454 scribere.
358 4392 436 4454 lllud
459 4395 543 4454 enim
566 4395 742 4456 otiosorum
766 4395 1082 4473 umbraticorumque
1108 4403 1168 4454 est:
1192 4393 1255 4454 hoc
1276 4401 1385 4453 autern
1408 4401 1649 4470 occupatorum

190 4507 221 4557 et
244 4515 366 4569 eorum,
389 4498 443 4576 qui
473 4496 570 4580 longo
602 4510 746 4576 ternpore
774 4516 847 4559 cum
878 4516 1004 4558 smnma
1033 4496 1128 4558 laude
1158 4498 1189 4556 in
1219 4494 1381 4575 republica
1410 4496 1529 4557 versati
1561 4506 1649 4569 sunt,

190 4618 295 4679 neque
318 4602 414 4660 etiam
437 4613 545 4662 nostra
569 4620 764 4684 magnopere
787 4604 936 4663 interesse
967 4601 1108 4674 arbitror,
1132 4598 1325 4661 Averroisne
1348 4597 1456 4660 Arabs
1480 4618 1521 4660 an
1547 4597 1647 4660 Alex·

190 4703 288 4764 ander
317 4702 559 4784 Aphrodisaeus
590 4704 630 4765 de
660 4706 765 4765 anima
796 4706 911 4766 rectius
941 4706 1063 4773 sentiat,
1103 4723 1203 4784 quum
1234 4703 1437 4764 ecclesiastici
1473 4705 1648 4782 scriptores

191 4827 228 4867 ea
259 4807 371 4868 melius
401 4811 642 4889 accuratiusque
672 4820 806 4870 tractent
835 4811 960 4889 sintque
991 4810 1098 4868 omnia
1130 4810 1171 4869 ita
1200 4810 1260 4867 iam
1293 4807 1445 4888 religione
1474 4805 1647 4868 christiana

190 4912 318 4985 sancita,
352 4922 386 4972 ut
415 4912 489 4972 nihil
520 4926 632 4974 contra
664 4913 783 4974 hiscere
811 4913 909 4973 liceat.
949 4911 1049 4972 Multa
1081 4911 1212 4990 quidem
1246 4909 1279 4972 id
1306 4928 1408 4991 genus
1443 4909 1647 4992 Pythagoras

190 5015 454 5097 Pythagoricique
484 5016 560 5078 olim
588 5015 836 5095 disputaverunt,
866 5016 923 5077 sed
952 5015 1110 5090 Socrates,
1143 5014 1233 5095 quod
1264 5034 1312 5089 ea,
1339 5032 1425 5093 quae
1455 5033 1556 5094 supra
1588 5034 1647 5076 nos

191 5130 272 5192 sunt,
295 5119 370 5180 nihil
392 5118 433 5179 ad
456 5140 515 5181 nos
532 5124 688 5200 pertinere
712 5122 853 5199 putabat,
877 5121 938 5181 alio
962 5122 1121 5201 ingenium
1146 5136 1240 5180 suurn
1263 5119 1426 5193 convertit,
1449 5129 1549 5198 atque
1573 5117 1646 5179 ideo

192 5225 312 5301 primus
335 5223 375 5283 de
399 5222 490 5287 coelo
514 5225 748 5305 philosophiam
779 5225 955 5287 deduxisse
978 5224 1168 5302 perhibetur.
1207 5222 1297 5285 Plato
1327 5234 1422 5297 certe,
1444 5220 1646 5293 Aristoteles,
