3660 5850
188 370 222 426 7³2
865 370 947 432 149⁷

187 587 261 648 Non
285 597 332 646 est
355 606 440 648 nunc
464 589 567 647 minor
590 587 648 648 Dei
672 590 778 662 virtuS,
802 607 907 667 neque
930 607 1044 650 manus
1066 589 1134 649 eius
1157 590 1296 663 brevior;
1321 588 1472 669 elongata
1495 586 1638 649 fortassis

186 711 205 751 a
228 693 323 752 nobis
346 700 394 751 est
418 700 550 770 propter
572 702 703 770 peccata
726 702 842 764 nostra,
866 692 923 754 sed
946 703 1126 765 revertetur,
1153 711 1227 754 cum
1250 693 1387 773 primum
1412 711 1474 753 nos
1496 690 1539 751 ad
1561 709 1637 751 eum

186 797 300 856 reversi
323 793 484 856 fuerimus.
507 794 617 857 Solent
635 796 747 857 medici
764 796 947 875 periculosis
970 797 1090 858 morbis
1113 798 1266 876 ancipites
1281 796 1433 858 adhibere
1454 794 1636 867 medicinas,

186 909 216 959 et
239 909 372 979 propter
394 917 502 959 curam
527 901 618 960 unius
642 901 743 961 morbi
770 912 873 961 totum
896 920 1011 980 corpus
1041 903 1174 980 potione
1196 919 1418 962 commovere:
1441 917 1504 981 ego
1527 910 1635 961 autem

185 1003 262 1064 nolo
286 1014 340 1065 aut
363 1001 511 1064 bellicum
534 1022 655 1076 canere,
679 1016 733 1065 aut
757 1004 849 1066 ullius
872 1005 1067 1067 crudelitatis
1089 1006 1145 1068 tibi
1168 1018 1279 1067 auctor
1301 1024 1380 1067 esse.
1412 1003 1530 1082 Neque
1552 1004 1635 1064 enim

185 1107 338 1169 caedibus
360 1117 393 1169 et
415 1107 560 1169 vastitate
583 1110 702 1188 patriae
725 1107 874 1170 delector.
908 1108 983 1171 Scio
1014 1111 1109 1172 etiam
1134 1109 1275 1171 Faliscos
1306 1128 1370 1169 non
1401 1110 1499 1169 armis
1526 1109 1635 1176 victos,

185 1211 242 1273 sed
265 1210 389 1274 Camilli
412 1214 571 1291 acquitate
594 1224 710 1284 motos,
740 1215 771 1274 in
803 1225 996 1292 potestatem
1025 1212 1243 1276 Romanorum
1267 1215 1398 1275 venisse.
1432 1210 1476 1273 Et
1499 1209 1635 1288 Pyrrhus

186 1316 258 1395 plus
280 1318 403 1396 imperii
426 1336 461 1377 se
484 1314 601 1378 Cineae
625 1318 769 1379 oratione
793 1339 889 1399 quam
912 1322 978 1381 suis
1001 1321 1096 1380 armis
1118 1316 1271 1397 adeptum
1295 1316 1431 1378 dicebat
1454 1313 1541 1378 Satis
1563 1314 1635 1376 mihi

185 1422 251 1495 erit,
275 1423 300 1483 si
324 1421 385 1483 huc
414 1441 545 1501 quoque
572 1424 635 1483 virn
664 1425 781 1485 mentis
811 1434 884 1485 tuae
908 1422 1085 1495 intenderis,
1119 1432 1245 1483 caetera
1271 1419 1401 1482 consilia
1422 1419 1494 1481 dies
1516 1418 1635 1494 afferet,

185 1528 353 1606 variusque
375 1526 468 1588 labor
491 1526 650 1589 mutabilis
673 1530 749 1597 aevi,
773 1540 807 1589 ut
830 1541 878 1590 est
893 1527 981 1607 apud
1004 1525 1186 1588 ll'laronem:
1210 1525 1310 1587 multa
1328 1525 1424 1587 etiam
1440 1523 1635 1606 excogitabit

185 1629 449 1709 prudentissimus
472 1641 546 1693 tuus
568 1642 707 1706 senatus,
737 1635 791 1713 qui
819 1635 973 1712 quoniam
1005 1635 1035 1693 in
1058 1633 1207 1692 maximis
1237 1632 1333 1692 rebus
1364 1632 1425 1689 iam
1451 1627 1507 1689 diu
1530 1639 1634 1690 tecum

186 1747 327 1796 versatus
357 1746 414 1809 est,
444 1735 519 1796 nihil
550 1756 620 1798 esse
651 1748 766 1815 potest,
796 1737 885 1817 qnod
910 1756 973 1798 non
997 1738 1172 1815 perspiciat.
1212 1734 1327 1813 Neque
1356 1746 1465 1794 tamen
1489 1731 1533 1792 ad
1557 1732 1634 1793 hanc

184 1838 447 1901 deliberationem
478 1859 591 1901 omnes
619 1843 686 1901 sine
717 1841 841 1903 delectu
865 1840 1083 1902 admittendos
1106 1840 1251 1900 arbitror.
1286 1837 1368 1900 Sunt
1390 1839 1478 1898 enim
1500 1836 1634 1916 plurimi,

184 1947 238 2024 qui
255 1938 319 2006 suis
336 1947 432 2006 rebus
447 1947 579 2005 nimium
596 1946 733 2017 student,
757 1965 817 2007 nec
839 1957 959 2019 curant,
983 1943 1133 2025 quicquid
1156 1943 1197 2004 de
1220 1942 1383 2021 republica
1405 1952 1462 2003 aut
1484 1940 1634 2022 religione

185 2047 248 2122 fiat,
278 2048 460 2110 dummodo
490 2051 548 2128 ipsi
580 2049 733 2130 liberique
760 2070 871 2111 eomm
903 2050 985 2123 clari,
1017 2059 1165 2128 potentes
1188 2047 1400 2125 honoratique
1422 2046 1495 2119 sint,
1520 2047 1634 2124 quibus

185 2172 258 2215 cum
289 2153 411 2214 lucrum
442 2154 481 2214 sit
511 2155 618 2213 omnia
650 2156 774 2215 turbata
802 2172 880 2223 esse,
904 2155 945 2213 ab
974 2153 1029 2226 his,
1054 2171 1138 2233 quae
1168 2170 1261 2212 verae
1283 2153 1371 2230 pacis
1400 2151 1525 2229 otiique
1555 2158 1632 2217 sunt,

185 2277 312 2336 semper
343 2259 523 2319 abhorrent.
561 2256 642 2319 Cum
678 2258 726 2319 liis
759 2270 866 2320 autem
909 2256 1156 2319 consultandum
1190 2274 1314 2328 censeo,
1344 2255 1398 2334 qui
1432 2254 1486 2333 pie
1521 2254 1632 2322 vivum,

185 2365 240 2442 qui
262 2362 409 2425 labomm
442 2381 574 2423 suornm
608 2363 787 2423 mercedem
823 2365 853 2423 in
887 2362 979 2423 coelo
1009 2370 1173 2441 quaerunt,
1207 2362 1261 2439 qui
1293 2357 1401 2420 Deum
1432 2359 1502 2419 fore
1536 2361 1633 2420 omni·

184 2485 239 2528 um
262 2485 393 2529 suorum
428 2467 584 2528 factorum
619 2466 755 2527 iudicem
790 2465 881 2527 firma
922 2467 1147 2545 constantique
1176 2462 1241 2525 fide
1267 2473 1428 2525 asserunt:
1463 2482 1572 2543 neque
1604 2463 1633 2525 id

184 2573 287 2634 verbis
309 2582 435 2633 tantum
458 2570 516 2631 sed
540 2572 634 2632 etiam
664 2573 824 2649 operibus,
851 2581 1008 2649 quantum
1035 2569 1175 2631 hnmana
1204 2568 1352 2651 fragilitas
1375 2569 1502 2647 patitur,
1532 2579 1633 2630 osten·

184 2674 273 2739 dunt.
311 2673 399 2736 Talis
425 2674 567 2756 Joannes
596 2686 670 2737 tuus
700 2673 923 2756 Selenbergius
945 2685 1001 2746 est,
1025 2693 1161 2756 magnus
1184 2676 1236 2741 vir,
1259 2692 1316 2733 rex
1339 2671 1526 2748 Wladislaii,
1549 2673 1633 2745 etsi

184 2779 261 2858 quid
284 2781 387 2839 lamae
407 2777 536 2840 credere
559 2781 638 2851 licet,
673 2781 697 2839 si
722 2781 793 2858 quis
816 2781 1016 2840 coniecturae
1039 2777 1130 2839 locus
1153 2787 1210 2850 est,
1233 2779 1257 2837 si
1281 2776 1371 2857 quod
1394 2776 1537 2855 denique
1559 2775 1633 2838 iudi·

183 2886 268 2946 cium
291 2883 333 2944 de
355 2882 471 2944 talibus
495 2902 602 2944 meum
633 2896 689 2953 est,
713 2883 936 2962 cupidissimus
960 2882 1119 2963 dignitatis
1138 2893 1221 2955 tuae,
1245 2882 1483 2942 amantissimus
1507 2882 1633 2960 patriae,

183 3006 288 3067 neque
311 2998 377 3048 tam
401 2989 527 3069 ingenio
556 2997 587 3047 et
610 2987 792 3066 eloquentia
822 3006 918 3067 quam
944 3006 1069 3047 morum
1100 2987 1276 3069 integritate
1300 2984 1506 3047 admirabilis
1541 2982 1634 3046 Tales

183 3104 258 3154 sunt
280 3093 437 3153 innumeri
459 3092 508 3153 alii
526 3088 646 3173 (infelix
668 3094 753 3151 enim
776 3111 870 3157 esses,
887 3094 911 3152 si
928 3093 1036 3152 omnia
1058 3101 1114 3152 tua
1136 3108 1179 3150 ex
1202 3088 1273 3151 solo
1292 3088 1417 3170 joanne
1434 3084 1633 3167 penderent),

182 3216 225 3258 ex
248 3215 388 3276 quorum
411 3198 567 3259 sententia
582 3198 608 3258 si
624 3195 700 3275 quid
723 3198 833 3278 egeris,
856 3215 922 3257 non
945 3195 1071 3257 errabis.
1095 3194 1167 3273 lpse
1190 3213 1266 3255 vero
1282 3193 1314 3254 id
1330 3202 1458 3256 tantum
1482 3188 1633 3254 dixerim:

183 3300 461 3380 quemadmodum
484 3320 599 3362 navem
629 3303 696 3361 sine
719 3301 932 3382 gubernatore
955 3301 1056 3377 perire
1078 3309 1214 3376 oportet,
1244 3296 1524 3377 quemadmodum
1547 3314 1635 3359 exer·

183 3406 281 3467 citum
304 3405 372 3466 sine
395 3403 476 3466 duee
500 3404 682 3466 tumultuari
706 3423 837 3466 necesse
860 3416 923 3465 est:
954 3405 997 3464 ita
1020 3405 1077 3465 nisi
1108 3402 1395 3464 ecclesiasticorum
1420 3401 1569 3463 ordinem
1593 3402 1634 3461 in·

183 3511 377 3583 stauraveris,
400 3528 527 3588 semper
549 3509 733 3591 religionem
764 3511 794 3569 in
818 3509 959 3586 periculo
982 3507 1128 3568 futuram.
1160 3505 1197 3568 Id
1220 3506 1245 3567 si
1268 3524 1334 3567 non
1361 3504 1500 3580 aliunde,
1525 3504 1635 3567 saltem

184 3632 226 3674 ex
249 3613 303 3686 his,
328 3632 412 3692 quae
435 3632 538 3673 annos
562 3631 662 3691 prope
686 3615 849 3695 octoginta
872 3612 1068 3692 pertulimus,
1092 3610 1297 3671 manifestum
1320 3620 1376 3671 est.
1412 3608 1531 3689 Neque
1553 3611 1635 3671 enim

183 3717 246 3778 ulla
269 3735 347 3798 gens
369 3729 435 3779 tam
471 3718 606 3779 barbara
628 3720 838 3797 immanisque
862 3736 1004 3796 unquam
1028 3715 1091 3789 fuit,
1114 3733 1198 3794 quae
1220 3733 1286 3775 non
1316 3713 1441 3793 aliquos
1471 3730 1636 3775 sacromm

183 3841 315 3883 suorum
337 3832 434 3902 atque
456 3823 711 3883 ceremoniarum
735 3821 897 3900 praesides
920 3821 1059 3882 haberet.
1084 3819 1198 3899 lugens
1224 3818 1275 3879 hie
1297 3834 1433 3896 campus
1455 3828 1591 3896 pateret,
1612 3817 1636 3876 si

182 3924 323 4005 pandere
346 3927 415 3987 vela
437 3936 468 3988 et
491 3925 532 3985 de
556 3925 610 3999 his,
633 3928 688 4005 qui
711 3923 889 4006 paediam)
920 3925 1130 3986 ecclesiastica
1156 3931 1269 3984 contra
1291 3922 1340 3982 ius
1361 3920 1475 4000 fasque
1499 3941 1636 4001 occupa-

183 4039 304 4103 verunt,
335 4031 423 4109 queri
452 4029 560 4090 velim:
590 4029 646 4090 sed
681 4029 757 4091 nolo
788 4042 950 4091 certamen
973 4029 1035 4090 hoc
1058 4030 1090 4089 in
1113 4027 1292 4105 praesentia
1314 4024 1429 4098 subire,
1462 4044 1571 4105 neque
1594 4028 1637 4086 in·

183 4133 310 4208 vidiam,
323 4151 421 4212 quam
437 4137 592 4195 sustinere
603 4152 669 4194 non
682 4152 823 4212 possum,
836 4134 911 4194 milri
924 4133 1036 4194 frustra
1050 4133 1218 4194 concitare.
1234 4126 1432 4212 Confugiunt
1448 4128 1490 4190 illi
1508 4129 1637 4208 quidem

184 4238 225 4299 ad
246 4241 449 4300 autoritatem
466 4256 590 4319 regum:
606 4238 720 4318 quodsi
738 4256 827 4318 reges
857 4256 962 4317 neque
977 4236 1051 4297 mihi
1075 4255 1180 4315 neque
1196 4234 1292 4310 alteri,
1315 4251 1399 4314 quae
1423 4245 1536 4295 nostra
1558 4243 1639 4307 sunt,

183 4341 306 4403 auferre
328 4353 360 4403 et
383 4344 503 4421 eripere
527 4354 670 4420 possunt,
700 4360 764 4403 non
792 4342 895 4417 video,
925 4361 980 4402 cnr
1003 4340 1073 4419 plus
1097 4342 1170 4401 iuris
1194 4340 1225 4401 in
1248 4339 1304 4411 his,
1328 4356 1412 4417 quae
1435 4336 1510 4398 Deo
1534 4337 1640 4399 dicata

184 4457 265 4521 sunt,
289 4446 437 4508 habeant.
477 4446 545 4507 Nec
568 4445 731 4508 dissimulo
762 4465 813 4506 me
837 4447 916 4507 scire
941 4456 971 4507 te
994 4464 1125 4524 quoque
1148 4445 1235 4505 initio
1264 4443 1354 4525 regni
1377 4440 1534 4521 pleraque
1556 4443 1640 4503 eius·

185 4551 274 4613 modi
298 4551 471 4624 admisisse,
503 4551 560 4612 sed
592 4553 790 4630 temporibus
813 4552 915 4631 tnagis
946 4570 1043 4629 quam
1073 4560 1205 4610 naturae
1231 4560 1305 4609 tuae
1327 4545 1487 4607 adscribo
1528 4546 1641 4625 ltaque

184 4655 298 4716 tollant
330 4654 402 4716 licet
436 4674 473 4715 os
483 4651 525 4737 95)
559 4657 589 4715 in
629 4656 769 4730 coelum,
803 4666 834 4716 et
869 4655 909 4715 de
944 4654 1071 4715 Domini
1116 4651 1402 4731 apostolorumque
1440 4662 1642 4731 paupertate,

184 4777 267 4837 quae
290 4761 408 4831 volunt,
432 4772 696 4833 commemorent,
716 4760 902 4820 invehantur
917 4760 946 4819 in
963 4760 1088 4831 fastum,
1112 4758 1274 4818 avaritiam
1297 4755 1533 4835 libidinemque
1554 4755 1643 4816 cleri·

184 4883 302 4937 corum,
325 4876 356 4925 et
380 4865 474 4926 veluti
498 4864 588 4926 Plato
612 4875 723 4944 poetas
746 4885 763 4925 e
787 4867 912 4925 civitate
934 4883 992 4925 sua
1018 4864 1117 4936 eiecit,
1140 4863 1184 4923 sic
1206 4862 1256 4922 isti
1277 4861 1338 4922 Dei
1360 4861 1527 4921 ministros
1550 4876 1642 4939 quasi

185 4986 314 5046 prorsus
337 4969 460 5030 inutiles
482 4991 501 5029 a
524 4969 689 5048 republica
713 4971 857 5041 abiciant,
889 4980 921 5029 et
944 4970 1165 5039 exterminent,
1192 4983 1387 5045 causamque
1409 4983 1515 5037 suam,
1540 4984 1641 5045 quam

273 5208 306 5274 ²⁴)
325 5209 352 5260 Μ
369 5209 513 5276 praesidia.

273 5294 306 5363 ²⁵)
325 5296 352 5347 hl
371 5296 440 5349 Hos
