3660 5850
795 404 884 465 1497.
1530 403 1565 457 ‘r'ss
1622 407 1628 417 '

118 623 238 684 ratione
270 632 301 683 et
332 622 524 703 argumentis
561 640 627 682 non
656 631 805 699 possunt,
828 621 962 682 aliorum
991 620 1175 682 criminibus
1204 630 1366 681 tueantur:
1398 638 1563 699 nunquam

116 736 224 788 tamen
247 725 392 799 ellicient,
414 737 449 786 ut
471 722 681 803 Stephanum,
703 724 897 799 Ladislaum,
927 723 1128 806 Ottagarum,
1151 713 1303 786 Carolum
1330 722 1445 785 stultos
1468 723 1563 786 fuisse

116 831 252 904 credam,
275 832 328 909 qui
352 840 401 890 tot
416 827 535 909 templa
550 829 771 908 coenobiaque
794 827 1014 903 condiderunt,
1033 839 1081 890 tot
1097 825 1192 888 sedes
1214 825 1415 906 pontificales
1437 827 1565 905 amplis-

115 935 202 995 simis
225 933 437 1011 locupletatas
460 933 574 994 divitiis
601 942 779 993 erexerunt.
819 932 892 994 Hos
915 931 1002 993 solos
1032 932 1105 993 ideo
1129 933 1298 1003 nominavi,
1323 933 1396 1010 quia
1420 942 1563 994 anteces-

114 1057 203 1099 sores
230 1041 275 1099 tui
306 1037 440 1099 luerunt.
479 1037 562 1098 Nam
585 1038 611 1096 si
644 1035 863 1108 Germaniam,
897 1034 1046 1104 Galliam,
1082 1036 1276 1098 Britanniam
1309 1034 1564 1114 Hispaniamque

113 1144 279 1224 attingere,
314 1155 345 1204 et
368 1141 520 1213 Ottones,
556 1140 727 1214 Henricos,
757 1139 953 1214 LudovicoS,
977 1140 1165 1213 Richardos‚
1195 1138 1379 1210 Eduardos,
1412 1138 1564 1202 Alsonsos

114 1245 403 1326 Ferdinandosque
435 1244 574 1324 prolerre
608 1247 734 1306 animus
764 1255 855 1318 esset,
879 1244 1071 1306 excederem
1103 1245 1237 1306 modum
1260 1243 1430 1323 epistolae:
1454 1264 1564 1324 super-

114 1349 214 1411 fluum
245 1351 341 1410 etiam
371 1361 454 1410 esset
484 1349 531 1410 his
559 1349 646 1426 apud
677 1361 708 1410 te
739 1351 907 1421 immorari,
936 1352 990 1428 qui
1021 1348 1068 1409 vel
1096 1358 1222 1409 tacente
1256 1367 1308 1408 me
1342 1348 1422 1410 hacc
1456 1353 1563 1411 omnia

114 1457 291 1537 cognoscis,
314 1465 347 1515 et
363 1454 470 1515 multis
493 1454 718 1532 experimentis
741 1453 884 1523 didicisti,
908 1472 972 1513 non
996 1456 1098 1513 minus
1120 1455 1175 1515 tibi
1195 1472 1360 1534 regnoque
1383 1452 1564 1515 Pannoniae

114 1559 283 1637 pontifices
305 1578 401 1639 quam
425 1577 573 1638 proceres
596 1558 688 1620 utiles
717 1557 819 1618 luisse.
858 1556 1079 1636 Quamobrem
1106 1576 1166 1638 age
1189 1557 1328 1631 tandem,
1352 1561 1473 1637 optime
1496 1578 1563 1634 rex,

113 1677 145 1725 et
168 1666 353 1743 principum,
384 1665 437 1742 qui
465 1666 581 1736 vivunt,
605 1664 629 1723 si
662 1682 728 1724 non
752 1662 893 1742 imperi0,
928 1672 960 1722 at
983 1660 1072 1740 quod
1103 1661 1205 1722 multo
1236 1663 1337 1742 magis
1370 1672 1427 1736 est,
1450 1665 1563 1725 virtute

112 1770 392 1848 praestantissime,
416 1769 580 1848 accingere
603 1766 644 1827 ad
668 1767 730 1827 hoc
753 1766 891 1827 salutare
921 1766 1048 1835 lacinus,
1072 1776 1104 1826 et
1127 1767 1281 1839 omnium,
1304 1785 1387 1846 quae
1410 1767 1563 1828 liactenus

112 1873 245 1953 gessisti,
264 1867 564 1952 pulcherr·inrum.⁹⁶)
588 1869 741 1932 Moveant
763 1884 795 1932 te
811 1881 857 1932 tot
874 1870 1020 1931 fanorum
1044 1872 1383 1950 monasteriorumque,
1401 1872 1563 1951 inquibus

112 1975 188 2036 olim
205 1974 265 2037 Dei
282 1975 393 2037 laudes
409 1975 536 2036 assidue
552 1975 777 2055 personabant,
794 1976 910 2046 ruinae,
932 1988 1082 2037 moveant
1099 1986 1129 2035 te
1145 1974 1329 2036 sacerdotes
1352 1986 1384 2036 et
1407 1976 1562 2047 monachi,

111 2079 196 2141 velut
221 2099 299 2141 oves
313 2082 381 2140 sine
396 2090 526 2158 pastore
548 2081 668 2157 passim
691 2078 833 2157 dispersi,
857 2090 986 2139 moveat
1001 2089 1031 2140 te
1048 2079 1139 2157 plebs
1163 2077 1246 2139 mille
1269 2078 1382 2139 inlecta
1406 2080 1562 2157 pestibus:

111 2185 197 2261 eripe
221 2202 293 2243 eam
316 2203 333 2242 e
356 2183 507 2243 servitute
537 2180 676 2245 Satanae
699 2193 731 2244 et
755 2182 836 2243 filios
863 2181 1016 2263 prodigos
1043 2183 1134 2243 matii
1165 2183 1318 2243 ecclesiae
1341 2181 1448 2243 redde.
1488 2183 1562 2245 Hoc

111 2307 203 2370 reges
233 2288 408 2367 populique
438 2286 594 2348 christiani
625 2288 684 2348 abs
707 2298 738 2347 te
761 2295 888 2367 petunt,
912 2285 972 2348 lroc
996 2288 1156 2348 maximus
1183 2285 1325 2365 pontifex
1349 2284 1477 2367 flagitat,
1501 2288 1562 2349 lroc

110 2392 298 2455 venerabilis
328 2389 534 2453 cardinalium
562 2402 673 2452 coetus
704 2393 854 2452 omnibus
877 2394 958 2452 votis
981 2393 1135 2469 exposcit,
1166 2391 1228 2451 lroc
1251 2390 1342 2451 divus
1365 2390 1562 2453 Venceslaus
1671 2430 1677 2439 -

111 2516 171 2559 suo
194 2496 337 2576 quodam
361 2496 427 2555 iure
450 2495 556 2576 exigit,
587 2497 641 2574 qui
664 2505 696 2556 te
727 2496 799 2557 ideo
830 2496 971 2557 fortassis
994 2495 1035 2555 ad
1059 2495 1140 2556 hanc
1165 2505 1305 2556 aetatem
1328 2497 1393 2556 suis
1415 2497 1562 2573 precibus

110 2600 305 2661 incolumem
332 2598 489 2680 perduxit,
512 2609 547 2660 ut
574 2599 750 2672 ecclesiam,
781 2601 871 2660 cuius
902 2598 1109 2661 fundamenta
1139 2602 1206 2678 ipse
1229 2600 1308 2672 iecit,
1331 2599 1373 2660 ad
1396 2600 1561 2679 pristinum

111 2704 210 2765 decus
233 2702 357 2765 evehas.
381 2701 477 2764 Adde
494 2702 555 2764 hoc
571 2722 670 2764 unum
687 2705 747 2764 tuis
764 2702 847 2763 bello
864 2723 1006 2783 paceque
1030 2706 1154 2784 egregie
1176 2705 1283 2785 gestis,
1307 2703 1396 2783 quod
1419 2722 1561 2785 graecae,

112 2809 225 2871 latinae
248 2808 467 2886 barbaraeque
490 2808 598 2869 literae
622 2826 698 2885 prae
721 2810 841 2868 cunctis
871 2808 937 2869 aliis
967 2807 1184 2869 celebrabunt.
1218 2807 1291 2882 Fac,
1316 2819 1350 2870 ut
1373 2808 1477 2891 angeli
1500 2808 1562 2868 lae-

111 2923 225 2985 tentur,
256 2914 309 2991 qui
340 2914 441 2993 magis
468 2912 510 2973 de
541 2931 606 2974 uno
636 2923 803 2993 peccatore
830 2911 972 2994 gaudent
1003 2931 1166 2986 converso,
1190 2931 1287 2991 quam
1319 2911 1360 2972 dc
1391 2913 1433 2976 99
1461 2914 1560 2975 iustis.

110 3017 163 3080 Sic
187 3019 217 3078 in
248 3017 310 3078 lroc
339 3016 449 3078 seculo
483 3017 673 3078 clarissimus
703 3019 846 3077 omnium
876 3019 950 3090 eris,
980 3018 1025 3077 sic
1056 3027 1130 3095 post
1152 3018 1248 3076 vitain
1272 3015 1353 3076 lianc
1376 3019 1406 3077 in
1430 3016 1561 3078 sedibus

109 3125 236 3202 piorum
259 3123 451 3183 constitutus
474 3140 547 3183 cum
571 3121 760 3182 beatissimis
783 3120 841 3181 illis
864 3123 1023 3201 spiritibus
1053 3119 1239 3181 immortalis
1261 3138 1342 3181 aevo
1364 3123 1561 3201 sempiterno

111 3227 228 3289 frueris.
251 3225 343 3287 Vale.
367 3224 464 3286 Anno
487 3224 596 3286 salutis
618 3235 748 3285 nostrae
775 3225 865 3287 1497.
889 3223 1007 3304 Aprilis
1031 3226 1081 3287 22².

198 3412 338 3466 Rozblrati
363 3413 466 3480 dlouby'
491 3412 538 3464 list
562 3419 640 3464 tento
665 3428 681 3463 a
706 3410 879 3478 objasllovati
905 3410 1096 3478 jednotlivosti
1122 3410 1188 3478 jeho
1213 3412 1396 3479 plesahovalo
1422 3411 1458 3480 by
1484 3429 1562 3465 meze

109 3502 207 3555 teehto
226 3500 394 3569 pozndmek:
419 3498 601 3566 odkazujeme
625 3517 642 3549 v
660 3499 688 3551 te
707 3499 811 3567 plltine
832 3498 981 3566 kddjinam
1001 3498 1158 3551 Palacktho
1180 3516 1196 3551 a
1214 3499 1239 3550 T
1240 3499 1398 3567 omlrovy'm.
1424 3500 1475 3567 Jen
1494 3498 1561 3552 tolilr

110 3587 287 3656 dovolujeme
306 3587 329 3640 si
349 3586 540 3655 podotlrnouti,
555 3586 596 3651 ie,
606 3585 652 3653 jak
671 3603 701 3638 se
720 3586 779 3647 zda'i,
794 3585 934 3638 Bohuslav
947 3584 1123 3652 nepoehodiv
1136 3584 1176 3653 pli
1195 3583 1375 3637 kandidatul‘e
1389 3585 1561 3637 Olomouelre

110 3674 202 3742 nadeji
216 3692 284 3727 svou
298 3673 396 3727 obratil
415 3673 431 3725 lt
446 3672 658 3740 arcibislrupstvl
672 3671 848 3733 l‘ralsktmu,
862 3672 937 3724 litere
957 3675 1053 3723 ovsem
1074 3670 1174 3723 musilo
1189 3670 1225 3739 by
1239 3670 1304 3739 bylo
1316 3688 1406 3724 znova
1418 3670 1476 3739 by'ti
1489 3671 1562 3724 zdvi·

110 3762 190 3815 ieno.
209 3763 233 3814 V
252 3761 343 3815 otisku
367 3764 464 3814 nasein
489 3760 626 3813 znamend
645 3761 681 3808 M
695 3759 769 3810 dtenl
789 3759 927 3819 Mitisovo,
948 3761 979 3808 K
991 3757 1121 3825 rukopisu
1140 3758 1395 3821 Klementinslreho,
1415 3758 1490 3810 litere
1507 3757 1562 3825 jest

107 3849 173 3917 jako
189 3849 266 3916 jinde
285 3849 331 3902 tal<
351 3848 358 3900 i
378 3848 523 3901 vzhledem
543 3846 559 3898 t
579 3846 642 3900 listu
661 3852 769 3898 tomuto
789 3846 920 3898 mnohem
941 3844 1093 3914 sprlrvnejdl
1112 3844 1163 3897 nei
1183 3843 1321 3897 Mitisovo.

809 4130 859 4195 61.

404 4265 624 4340 Bohuslav
652 4266 892 4365 Augustino
923 4263 1273 4342 olomoucktrnu.

197 4438 276 4506 (1497
295 4469 328 4477 —-
348 4453 380 4510 po
398 4439 483 4510 latu.)
507 4439 656 4508 Vyelovuje
682 4440 809 4510 potesenl
833 4439 880 4491 sve
904 4437 1046 4507 zprvotin
1069 4437 1135 4505 jeho
1158 4436 1338 4506 basniclrpch,
1359 4436 1366 4490 i
1385 4437 1493 4506 vyzyva
1514 4434 1560 4505 jej,

108 4526 163 4594 aby
183 4544 218 4579 na
237 4527 318 4579 drltze
338 4527 509 4595 nastoupene
529 4528 589 4580 dale
608 4529 783 4596 polrradoval.
802 4528 881 4595 (Luc.
900 4526 943 4589 69,
963 4525 1114 4594 Vinaliclry'
1132 4525 1185 4592 tit.)

196 4701 380 4784 Augustino
405 4702 540 4764 liloravo
570 4707 587 4764 i.
611 4725 640 4766 u.
664 4704 788 4767 doctori
816 4726 839 4765 s.
867 4724 897 4783 p.
928 4703 957 4764 d.
996 4701 1074 4784 Legi
1103 4704 1259 4782 opuscula
1285 4712 1350 4777 tua,
1380 4700 1561 4784 Augustine

108 4808 302 4880 suavissime,
326 4807 440 4885 partim
464 4806 563 4866 heroo
587 4810 701 4886 partim
724 4808 816 4889 elego
839 4828 932 4869 versu
954 4809 1079 4888 scripta,
1109 4818 1140 4868 et
1165 4808 1290 4889 ingenio
1313 4819 1370 4869 tuo
1393 4808 1506 4868 mirum
1531 4808 1561 4867 in

108 4910 245 4972 modum
258 4910 434 4971 delectatus
447 4930 527 4971 sum.
544 4911 628 4973 Nilril
641 4914 726 4973 enim
739 4912 908 4990 plebeium,
924 4911 998 4973 nihil
1010 4912 1138 4986 triviale,
1154 4923 1185 4972 et
1201 4911 1290 4991 quod
1306 4912 1469 4972 communi
1482 4929 1562 4970 vena

107 5015 232 5076 editum
256 5013 316 5075 dici
341 5016 449 5092 possit,
472 5018 571 5093 sapis:
595 5015 651 5076 sed
675 5019 717 5077 ita
739 5029 845 5078 tecum
867 5018 976 5077 nescio
1000 5015 1168 5096 quomodo
1188 5025 1299 5089 certas,
1320 5026 1355 5077 ut
1369 5014 1456 5076 haud
1472 5014 1561 5075 facile

199 5239 231 5305 ²⁶)
250 5239 274 5290 K
292 5236 419 5306 plidavit:
438 5238 569 5292 Miserere
588 5238 669 5291 huius
687 5238 854 5307 provinciae,
869 5256 939 5306 quae
960 5246 987 5291 te
1007 5237 1243 5290 adolescentulum
1265 5244 1292 5290 et
1310 5236 1417 5304 gremio
1437 5236 1560 5304 suscepit

108 5334 138 5381 et
155 5328 228 5379 lacte
246 5343 297 5378 suo
315 5327 356 5394 (ut
375 5325 413 5378 ita
431 5325 556 5392 dixerim)
575 5326 659 5394 pavit.
