3696 5836
889 377 983 437 1506.

905 627 974 691 131.

504 765 724 839 Bohuslav
751 764 991 861 Augustinu
1020 764 1367 839 Olornouckernu.

294 937 489 996 lilaslfifeina
507 939 604 1007 (teus)
624 968 656 978 -
676 939 712 994 14.
731 938 784 994 list.
815 936 990 1006 Doporuduje
1010 936 1106 990 iadost
1130 936 1259 990 bratrovu
1279 937 1314 989 ku
1333 936 1408 990 krali.
1440 938 1593 1006 Ovyvplate
1611 939 1659 991 sve

211 1025 319 1079 mluviti
338 1026 361 1079 si
378 1025 416 1094 jit
435 1024 569 1080 netroufa.
587 1027 667 1095 (Luc.
686 1023 755 1092 118.)

295 1203 336 1268 D.
360 1202 543 1286 Augustino
575 1202 710 1265 Moravo
740 1223 763 1265 s.
788 1222 817 1282 p.
841 1202 871 1264 d.
900 1201 1014 1265 Scribit
1043 1202 1139 1264 frater
1169 1221 1261 1263 meus
1290 1204 1396 1263 nescio
1428 1221 1510 1283 quae
1540 1201 1659 1284 Regiae

209 1307 381 1384 hlaiestati;
405 1307 482 1389 quid
498 1310 606 1387 cupiat
621 1307 766 1387 velitque,
789 1326 854 1368 non
870 1317 919 1369 est
934 1325 1064 1368 necesse
1084 1306 1170 1384 apud
1187 1315 1218 1367 te
1234 1324 1495 1380 commemorare,
1515 1306 1660 1387 quando-

210 1412 340 1493 quidem
363 1423 469 1475 certus
491 1431 562 1474 sum
586 1414 653 1474 eius
676 1411 717 1473 ad
740 1411 873 1492 Regiam
897 1410 1098 1472 Maiestatem
1123 1410 1226 1470 literas
1249 1412 1280 1471 in
1304 1421 1374 1471 tuas
1397 1429 1511 1471 manus
1530 1429 1660 1489 perven-

209 1526 302 1578 turas
326 1513 529 1579 Commendo
551 1517 608 1579 tibi
631 1516 787 1578 duntaxat
810 1534 941 1578 causam
963 1515 1073 1589 fratris,
1097 1516 1162 1575 imo
1184 1516 1348 1594 utriusque
1371 1526 1529 1588 nostrum;
1555 1534 1658 1595 neque

209 1623 293 1682 enirn
316 1623 411 1683 unius
434 1641 476 1682 ex
499 1621 615 1683 familia
637 1620 799 1682 calamitas
822 1629 877 1681 aut
900 1617 1072 1698 periculum
1096 1618 1138 1680 ad
1161 1619 1299 1699 reliquos
1321 1639 1387 1681 non
1410 1622 1565 1697 pertinere
1588 1630 1658 1698 pot·

209 1738 262 1788 est.
295 1725 362 1787 Nisi
391 1727 487 1788 etiarn
510 1726 609 1801 fallor,
632 1735 664 1786 et
687 1744 791 1805 aequa
814 1723 1014 1802 postulamus
1036 1734 1068 1784 et
1091 1725 1221 1784 minime
1243 1723 1442 1806 negligenda.
1474 1722 1551 1785 Non
1572 1726 1656 1784 enim

209 1831 338 1892 forsitan
362 1841 466 1894 tutum
489 1842 538 1892 est
560 1830 687 1892 castella
711 1827 896 1891 huiusmodi
919 1830 960 1889 ita
983 1828 1213 1890 munitionibus
1236 1827 1432 1899 circumdari,
1454 1839 1489 1890 ut
1508 1827 1658 1906 deinceps

209 1937 236 1996 in
261 1934 457 2015 populorum
480 1935 581 2017 magis
605 1943 765 2012 potestate
788 1952 887 2012 quam
910 1935 995 2013 regia
1019 1934 1087 2001 siut,
1118 1933 1180 1993 hoc
1204 1935 1389 2011 praesertim
1412 1942 1567 2013 tempore,
1591 1952 1657 2013 quo

210 2040 313 2101 omnia
330 2038 372 2100 ad
387 2038 578 2101 seditionem
594 2047 748 2117 spectant.
773 2036 884 2098 Facito
907 2039 1023 2116 itaque,
1046 2056 1168 2115 precor,
1190 2055 1232 2096 ne
1255 2039 1426 2099 iustissimo
1442 2049 1552 2099 nostro
1575 2036 1658 2098 desi-

209 2143 294 2205 derio
318 2142 414 2205 desis:
445 2162 520 2204 nam
543 2153 575 2205 et
597 2145 709 2204 merita
739 2153 793 2204 tua
815 2144 847 2202 in
871 2160 922 2201 me
949 2141 1157 2203 cumulaveris
1187 2153 1219 2203 et
1242 2152 1412 2221 utrumque
1442 2152 1587 2203 nostrum
1614 2161 1657 2203 ex

210 2247 353 2310 devincto
376 2247 605 2309 devinctiorem
628 2245 807 2308 reddideris.
832 2245 882 2307 De
905 2248 986 2324 stige
1009 2264 1081 2307 mea
1100 2247 1131 2306 in
1147 2247 1326 2324 praesentia
1349 2256 1450 2308 taceo.
1473 2243 1555 2307 Cum
1571 2249 1657 2307 enirn

209 2352 246 2414 ad
269 2372 316 2427 ea,
339 2372 423 2432 quae
438 2350 480 2413 ad
496 2360 528 2412 te
543 2370 600 2431 per
616 2349 821 2412 Cadanenses
836 2352 955 2428 scripsi,
977 2349 1052 2411 nihil
1068 2349 1279 2428 responderis,
1301 2349 1437 2412 arbitror
1456 2359 1488 2411 te
1503 2350 1656 2412 abiecisse

209 2477 296 2536 spem
312 2459 355 2519 rei
371 2456 591 2537 perficiendae.
615 2455 704 2529 Vale,
720 2456 947 2516 humanissime
962 2453 1149 2536 Augustine,
1171 2454 1329 2535 facitoque
1345 2457 1485 2529 omnino,
1501 2474 1541 2514 ne
1557 2456 1656 2517 tabel-

209 2560 298 2623 larius
321 2563 388 2624 sine
412 2561 506 2623 literis
529 2562 590 2622 tuis
613 2560 654 2621 ad
679 2578 737 2620 nos
760 2558 877 2621 redeat.
900 2559 1005 2621 Datae
1028 2559 1289 2638 Hassensteynae
1314 2560 1362 2623 14.
1385 2559 1588 2622 Novembris

289 2749 416 2801 Mestane
430 2748 565 2802 Kadahstl
583 2750 678 2817 patrae
692 2746 857 2816 vylronavali
875 2748 974 2800 rozkaz
992 2747 1137 2816 kralovsky
1150 2749 1252 2816 (srovn.
1265 2747 1311 2800 list
1324 2746 1384 2814 107)
1396 2747 1429 2801 ai
1447 2747 1522 2816 pillis
1541 2747 1653 2810 horlive,

207 2834 247 2902 jak
270 2836 317 2889 list
341 2836 392 2888 nas
417 2836 520 2898 svbdcl
540 2837 586 2889 talc
610 2835 641 2888 ie
667 2835 842 2904 opevllovftnl
867 2834 1004 2887 nahfmdlo
1029 2835 1141 2888 strachu
1165 2835 1268 2902 panum
1293 2833 1464 2902 zameclry'm.
1494 2834 1586 2887 Odtud
1608 2852 1654 2904 vy·

209 2924 315 2992 plynula
341 2922 459 2976 stibnost
477 2924 680 2985 Bohuslavova,
698 2940 715 2975 a
734 2922 818 2975 odtud
841 2921 921 2990 jalioi
946 2938 978 2974 ze
1002 2921 1114 2990 zmlnky
1133 2939 1150 2974 o
1168 2921 1232 2974 listu
1252 2921 1471 2992 responsorem
1493 2939 1529 2990 po
1547 2923 1653 2976 Kadah·

209 3010 299 3081 elfeh,
318 3010 437 3080 vyplea
455 3009 570 3064 vrodenl
588 3010 653 3065 listu
672 3010 785 3062 naseho.

892 3258 962 3321 132.

502 3395 722 3470 Bohuslav
750 3395 1000 3469 Bernhardu
1028 3395 1351 3469 Adelmannovi.

286 3565 307 3621 Ζ
333 3564 490 3623 llaslt'tfolna
513 3565 607 3634 (15⁰⁸)
629 3595 661 3605 -
683 3567 727 3622 24.
753 3582 824 3638 pros.
858 3567 1003 3635 Potvrzuje
1027 3567 1117 3637 plijetl
1141 3567 1295 3636 poslany'ch
1321 3567 1386 3620 lmih
1412 3584 1428 3620 a
1453 3567 1487 3619 tri
1511 3567 1610 3635 dopisb
1635 3585 1651 3620 a

206 3653 331 3706 omlouvfr
350 3669 388 3715 se,
408 3652 439 3705 ie
458 3653 504 3706 talr
523 3653 625 3705 dlouho
644 3652 788 3707 iadaneho
807 3654 878 3706 lone
898 3671 944 3706 rnu
963 3654 1096 3722 neposila.
1115 3655 1193 3720 (Luc.
1213 3653 1305 3722 1‘20b.)

286 3828 473 3891 Bernhardo
495 3848 555 3890 suo
578 3827 784 3890 Adelmanno
808 3850 832 3891 s.
857 3850 886 3910 p.
910 3829 939 3890 d.
977 3828 1070 3904 Libri,
1093 3849 1176 3909 quos
1200 3829 1276 3891 mihi
1299 3832 1417 3905 misisti,
1447 3842 1478 3892 et
1501 3842 1565 3893 tres
1588 3836 1652 3913 epi·

201 3934 300 3997 stolae
323 3932 454 3996 diversis
475 3943 584 3995 tamen
608 3935 806 4013 temporibus
829 3934 887 3995 abs
904 3943 935 3994 te
952 3933 1025 3994 mihi
1048 3933 1189 3996 redditae
1212 3947 1294 3997 sunt.
1319 3935 1379 3997 His
1395 3955 1456 4019 ego
1471 3936 1650 3999 admodum

201 4039 375 4101 delectatus
397 4057 477 4111 sum,
507 4056 625 4115 nempe
648 4040 701 4118 qui
726 4041 853 4119 quoties
882 4038 987 4099 literas
1017 4047 1088 4100 tuas
1111 4042 1241 4118 accipi0,
1272 4050 1378 4101 tecum
1409 4041 1485 4103 mihi
1512 4041 1650 4122 colloqui

199 4145 316 4206 videor.
362 4141 442 4205 Illud
472 4153 580 4205 tamen
610 4141 781 4203 molestum
812 4143 876 4217 fuit,
908 4141 996 4223 quod
1028 4143 1236 4225 negligentior
1264 4145 1319 4206 tibi
1347 4148 1377 4206 in
1401 4165 1486 4226 equo
1509 4147 1649 4208 emendo

198 4247 315 4322 videor,
339 4264 437 4326 quam
460 4257 515 4309 aut
538 4247 605 4324 ipse
628 4245 711 4315 velis
734 4259 788 4308 aut
804 4257 912 4307 nostra
935 4256 1046 4307 mutua
1069 4248 1204 4309 amicitia
1226 4250 1343 4330 exigat.
1366 4249 1439 4331 Ego
1453 4270 1536 4324 vero,
1553 4250 1649 4312 Rern-

198 4352 305 4426 harde,
337 4351 424 4412 bona
455 4350 519 4412 fide
542 4349 699 4411 affirmare
722 4369 856 4429 possum
885 4371 937 4412 me
967 4350 1041 4411 nihil
1072 4353 1325 4429 praetermisisse,
1357 4373 1422 4433 quo
1446 4356 1500 4416 tibi
1525 4375 1646 4417 morem

196 4475 304 4539 gerere
327 4456 456 4534 possim.
480 4451 649 4516 Caeterum
672 4473 839 4534 equorum,
863 4455 990 4534 qualern
1014 4455 1072 4516 abs
1096 4465 1127 4515 te
1150 4459 1259 4534 expeti
1282 4456 1425 4525 arbitror.
1450 4458 1513 4520 hoc
1529 4471 1576 4521 est
1593 4461 1646 4540 qui

196 4579 301 4640 neque
323 4558 493 4639 praeferox
522 4577 629 4637 neque
659 4560 791 4619 omnino
825 4558 964 4641 degener
997 4561 1044 4632 sit,
1079 4571 1167 4621 tanta
1196 4562 1227 4620 in
1258 4563 1436 4641 praesentia
1469 4562 1556 4640 apud
1587 4583 1646 4624 nos

196 4666 329 4742 penuria
351 4672 409 4738 est,
431 4674 466 4725 ut
482 4665 624 4741 precium
646 4682 757 4724 eorum
774 4682 856 4741 pene
878 4666 1075 4743 geminatum
1092 4666 1138 4726 sit.
1164 4664 1237 4726 Hoc
1253 4684 1384 4744 quoque
1404 4677 1556 4745 ternpore,
1580 4688 1645 4749 quo

196 4767 272 4829 haec
295 4767 337 4829 ad
361 4777 392 4828 te
415 4768 527 4840 scribo,
555 4769 663 4828 omnia
686 4765 817 4828 finitima
840 4766 910 4828 loca
933 4788 951 4828 a
976 4767 1179 4829 familiaribus
1203 4771 1281 4830 meis
1305 4772 1546 4846 circumeuntur,
1575 4792 1645 4852 spe-

196 4890 295 4952 roque
318 4872 398 4933 intra
421 4890 543 4950 paucos
566 4870 634 4931 dies
657 4882 688 4932 et
711 4871 852 4933 fortassis
876 4874 974 4945 citius,
999 4891 1097 4953 quam
1120 4873 1179 4933 hae
1202 4872 1310 4934 literae
1334 4875 1374 4935 ad
1400 4886 1430 4936 te
1453 4880 1645 4954 perveniant,

196 4995 246 5037 me
268 4987 326 5038 tuo
349 4974 505 5037 desiderio
529 4975 770 5049 satisfacturum,
794 4995 979 5054 precorque,
1006 4987 1041 5037 ut
1064 4975 1214 5054 deinceps
1237 4978 1367 5039 meliora
1390 4979 1430 5041 de
1454 4999 1506 5041 me
1528 5001 1644 5061 speres

195 5099 290 5160 quam
315 5077 404 5159 quod
435 5079 466 5140 in
489 5080 586 5140 rebus
616 5081 676 5140 tuis
704 5079 867 5161 negligens
895 5098 966 5141 esse
992 5081 1093 5142 velim.
1128 5082 1246 5144 Fateor
1272 5087 1355 5144 enim
1383 5088 1489 5146 onmia
1514 5107 1565 5147 nie
1590 5089 1643 5149 tibi

194 5184 311 5245 debere
334 5182 560 5262 beneficiisque
583 5184 644 5244 tuis
667 5185 698 5244 in
722 5203 774 5245 me
797 5184 883 5245 nulla
906 5205 948 5246 ex
970 5196 1059 5265 parte
1083 5187 1195 5247 referre
1217 5207 1314 5265 posse
1336 5192 1483 5267 gratiani:
1514 5203 1643 5269 paratus

193 5306 263 5351 sum
286 5299 395 5350 tamen
418 5289 524 5348 omnia
548 5299 718 5366 praestare,
742 5307 825 5367 quae
847 5308 988 5368 possum,
1012 5302 1043 5350 et
1067 5290 1141 5351 nihil
1157 5310 1269 5351 eorum
1293 5292 1460 5374 negligere,
1484 5315 1566 5376 quae
1586 5298 1642 5359 tibi

1436 5429 1486 5483 11*
