3660 5850
893 620 964 684 104.

613 758 693 850 Jan
722 736 893 832 §lechta
921 759 1225 833 Bohuslavovi.

283 928 424 986 ZBudlna
443 931 516 987 15⁰3.
539 959 567 966 -
588 930 632 985 2⁰.
651 929 759 986 lemna.
785 928 947 997 Oznamuje,
972 929 1004 983 ie
1023 948 1093 998 synu
1118 931 1247 984 Turzovu
1272 934 1388 986 nemilie
1414 932 1472 1001 byti
1497 930 1649 1000 biskupstvl

197 1016 387 1090 vladislavslre
406 1016 489 1079 dano,
512 1015 655 1084 ponevadl
681 1015 810 1069 neboltilr
835 1015 933 1085 biskup
958 1019 1011 1070 mel
1035 1017 1204 1085 lroadjutora‚
1229 1019 1307 1087 ktery'
1333 1019 1416 1073 ihned
1435 1038 1470 1088 po
1487 1019 1553 1086 jeho
1571 1018 1650 1070 smrti

195 1120 231 1155 na
251 1104 418 1170 biskupslrou
437 1102 527 1155 stolici
547 1103 651 1155 dosedl.
671 1102 749 1170 Pfeje
768 1120 814 1155 mu
843 1103 874 1156 ie
893 1103 1003 1171 vybavil
1022 1121 1052 1156 se
1071 1105 1126 1157 zie
1145 1102 1210 1173 bldy
1229 1105 1355 1168 dvorslre‚
1375 1106 1451 1158 luera
1470 1124 1500 1158 se
1519 1105 1598 1157 stava
1614 1121 1648 1157 co

195 1191 249 1242 den
268 1189 499 1257 nesnesitelnejsi⁹
515 1190 657 1258 ponevadi
671 1190 727 1242 kral
741 1191 789 1242 sve
802 1189 892 1258 zftjmy
911 1190 1005 1243 neuml
1024 1191 1143 1259 opatliti.
1163 1191 1242 1244 Diva
1260 1193 1362 1260 zpravu
1376 1210 1392 1244 o
1405 1193 1517 1260 pllmeli
1530 1211 1543 1244 s
1556 1192 1649 1259 Turlry

196 1295 211 1328 a
236 1295 254 1329 o
279 1277 484 1345 nebezpeenem
510 1287 590 1329 stavu
616 1278 738 1331 Slezska.
770 1278 861 1330 Postu
886 1277 1073 1330 Bohuslavovi
1100 1277 1186 1346 lmihy
1210 1296 1226 1331 a
1249 1279 1341 1331 dalrek.
1371 1280 1461 1346 (Nova
1486 1279 1566 1346 epist.
1588 1295 1651 1345 app.

195 1382 212 1416 v
231 1365 412 1432 predmluve.)
1437 1389 1439 1395 ·

278 1541 420 1621 Joannes
441 1540 586 1603 Sslecltta
611 1540 772 1601 Bolruslao
799 1540 980 1602 llasistenio
1004 1561 1027 1601 s.
1052 1562 1079 1619 p.
1104 1541 1133 1601 d.
1168 1540 1266 1620 Quod
1291 1545 1345 1604 tibi
1369 1544 1410 1604 de
1433 1545 1563 1624 negotio
1586 1544 1651 1620 epi·

196 1657 348 1723 scopatus
363 1645 634 1707 Wladislaviensis
657 1645 777 1706 tamdiu
801 1645 876 1706 nihil
899 1644 1148 1727 significaverint,
1166 1647 1196 1707 id
1217 1667 1283 1709 non
1307 1667 1379 1709 mea
1401 1665 1507 1727 neque
1529 1646 1650 1732 domini

196 1747 351 1810 Turzonis
381 1769 478 1810 causa
508 1761 539 1811 et
570 1749 769 1831 negligentia,
792 1750 849 1811 sed
880 1749 1059 1811 infirmitate
1089 1749 1177 1824 illius,
1205 1753 1259 1830 qui
1290 1771 1363 1814 cum
1395 1751 1491 1813 literis
1520 1752 1648 1833 reginae

196 1852 347 1914 Poloniae
377 1852 418 1913 ad
447 1872 555 1936 regem
579 1852 803 1915 Alexandrum
833 1853 1014 1915 Lituaniam
1045 1856 1161 1916 missus
1191 1855 1255 1930 fuit,
1281 1856 1432 1918 accidisse
1463 1874 1649 1937 cognoscas.

198 1955 280 2017 Nam
303 1976 377 2017 cum
400 1959 431 2017 in
456 1956 562 2029 Vilno,
586 1976 670 2036 quae
700 1969 749 2018 cst
772 1959 879 2020 civitas
901 1956 1074 2032 Lituaniae‚
1098 1969 1265 2040 aegrotare
1295 1980 1333 2021 ac
1363 1979 1490 2039 semper
1512 1958 1651 2020 deterius

197 2061 313 2122 babere
337 2062 450 2141 coepit,
473 2073 604 2123 coactus
628 2061 684 2123 fuit
708 2082 764 2122 rex
788 2061 940 2123 Poloniae
971 2082 1028 2140 per
1058 2061 1219 2141 quendam
1247 2063 1431 2125 familiarem
1455 2082 1549 2124 suum
1571 2065 1651 2144 regi-

197 2165 257 2225 nali
284 2164 441 2226 Maiestati
465 2165 616 2227 Poloniae
646 2166 790 2227 similiter
819 2177 850 2226 et
874 2168 938 2247 regi
970 2178 1081 2229 nostro
1112 2168 1315 2249 respondere,
1338 2167 1427 2248 quod
1459 2186 1649 2248 responsum

197 2268 259 2330 tale
282 2268 354 2331 fuit:
379 2267 410 2332 Si
435 2268 476 2330 de
499 2271 688 2350 episcopatu
703 2269 958 2331 Wladislaviensi
982 2273 1106 2333 vivente
1124 2271 1229 2334 adhuc
1245 2275 1400 2353 episcopo
1423 2271 1568 2334 eiusdem
1592 2272 1651 2333 loci

194 2371 284 2434 aliter
308 2372 499 2453 dispositum
530 2384 561 2433 et
592 2373 775 2435 ordinatum
807 2393 872 2435 non
903 2374 1022 2447 fuisset,
1045 2376 1133 2455 quod
1167 2375 1254 2436 illum
1278 2375 1430 2438 Maiestas
1460 2395 1519 2438 sua
1541 2375 1583 2438 ad
1606 2378 1651 2436 in-

192 2479 345 2538 stantiam
363 2480 444 2560 regis
460 2479 559 2538 nostri
582 2477 646 2539 filio
662 2476 820 2539 Turzonis
842 2478 886 2540 ita
909 2479 1042 2540 libenter
1065 2478 1259 2552 contulisset,
1274 2481 1354 2541 sicut
1377 2481 1445 2558 ipse
1461 2480 1649 2560 accepisset:

192 2581 251 2642 sed
274 2581 369 2663 elegit
392 2593 423 2643 et
446 2584 569 2662 accepit
592 2583 650 2643 sibi
673 2581 855 2663 praedictus
884 2585 1063 2660 episcopus,
1086 2600 1161 2644 cum
1187 2582 1293 2645 adhuc
1316 2585 1441 2657 viveret,
1465 2585 1496 2644 in
1518 2582 1647 2644 coadiu-

189 2697 300 2747 torem
323 2684 486 2765 quendam
509 2689 714 2747 secretarium
734 2685 910 2748 Maiestatis
933 2689 1037 2768 regiae
1053 2686 1225 2748 accedente
1247 2687 1411 2750 voluntate
1434 2698 1466 2749 et
1488 2705 1647 2748 consensu

188 2790 311 2850 summi
327 2788 485 2868 pontilicis
501 2790 593 2851 simul
617 2800 649 2850 et
671 2792 771 2873 regis3
795 2789 845 2851 ille
868 2799 943 2868 post
966 2792 1108 2869 episcopi
1131 2801 1268 2852 mortem
1283 2792 1388 2852 statim
1406 2792 1464 2870 ipsi
1478 2792 1510 2852 in
1525 2792 1648 2869 episco-

188 2904 271 2972 patu
294 2896 453 2968 successit,
476 2913 560 2974 quae
589 2913 640 2955 res
669 2896 830 2957 immutari
860 2913 925 2954 non
956 2906 1072 2975 potest.
1110 2893 1222 2974 ltaque
1249 2897 1448 2975 nescioquo
1471 2894 1558 2956 malo
1581 2895 1647 2957 fato

187 3016 321 3077 semper
343 3000 386 3060 ita
408 3001 520 3073 evenit,
537 3009 571 3061 ut
595 3000 626 3058 in
650 3001 745 3061 rebus
768 3000 830 3060 tuis
853 3018 1018 3079 nunquam
1043 3001 1107 3060 voti
1131 3012 1299 3078 compotes
1321 3018 1392 3062 esse
1414 3001 1584 3078 possimus,
1606 2997 1648 3060 Et

187 3102 301 3163 forsan
326 3100 430 3164 divina
454 3105 610 3178 maiestas
627 3104 676 3164 cui
700 3104 807 3165 omnia
830 3107 926 3182 prius,
950 3122 1047 3184 quam
1071 3103 1157 3178 fiant,
1172 3105 1302 3185 cognita
1324 3113 1406 3177 sunt,
1421 3102 1541 3178 videns,
1557 3103 1646 3184 quod

185 3207 249 3268 tibi
272 3205 392 3286 aliquid
421 3226 464 3267 ex
486 3226 535 3281 eo,
557 3206 647 3286 quod
679 3210 866 3288 optavimus.
890 3209 915 3269 si
944 3206 1056 3269 fuisses
1087 3216 1260 3281 assecutus,
1284 3207 1357 3267 mali
1389 3217 1421 3269 et
1450 3207 1648 3270 incommodi

185 3313 400 3391 contingeret,
424 3311 545 3372 mavult
576 3311 637 3374 hoc
667 3314 697 3373 in
729 3312 828 3373 alium
856 3332 954 3392 quarn
984 3323 1016 3373 te
1045 3314 1219 3373 innocuum
1252 3331 1378 3372 servare
1401 3322 1432 3373 et
1455 3323 1647 3393 retorquere.

185 3414 293 3494 Quod
315 3417 340 3475 si
363 3418 405 3476 ita
428 3427 484 3489 est,
500 3419 740 3478 committamus
762 3416 841 3477 baec
865 3416 1018 3478 voluntati
1042 3427 1073 3478 et
1096 3417 1226 3477 arbitrio
1250 3416 1421 3478 divinitatis
1444 3435 1537 3478 suae:
1561 3417 1650 3496 quod

185 3531 221 3581 et
248 3517 399 3581 Socrates
430 3517 477 3601 (ut
507 3534 556 3582 est
585 3519 673 3599 apud
697 3519 861 3582 Valerium
887 3520 1080 3591 Maximum)
1111 3521 1226 3582 sentire
1256 3532 1287 3582 et
1318 3520 1493 3582 admonere
1518 3520 1650 3594 videtur,

183 3642 266 3684 cum
283 3625 384 3703 inquit
400 3623 473 3685 nihil
497 3625 591 3686 nobis
614 3643 684 3685 esse
707 3635 761 3686 aut
785 3623 1005 3703 appetendum
1029 3625 1150 3686 ultrave
1173 3626 1348 3704 petendum
1373 3646 1392 3685 a
1415 3624 1473 3685 diis
1488 3627 1651 3687 immorta-

185 3728 284 3801 libus,
308 3746 406 3806 quam
437 3738 471 3789 ut
501 3728 588 3790 bona
619 3729 799 3793 tribuerent.
822 3731 895 3809 quia
920 3731 937 3789 ii
962 3727 1093 3790 demum
1125 3731 1248 3803 scirent,
1272 3729 1349 3808 quid
1373 3731 1540 3809 unicuique
1563 3741 1647 3792 esset

186 3831 279 3895 utile.
317 3830 359 3893 Et
389 3831 486 3910 paulo
515 3832 656 3894 inferius:
687 3831 806 3893 Desine
836 3832 937 3915 igitur,
969 3832 1072 3907 stulte,
1103 3833 1214 3895 futuris
1245 3834 1402 3896 malorum
1429 3835 1532 3894 causis
1555 3836 1645 3912 quasi

187 3938 380 3999 felicissimis
403 3937 531 4011 inhiare,
554 3948 650 4017 teque
674 3948 776 3999 totum
801 3937 988 4000 coelestium
1011 3938 1139 3998 arbitrio
1163 3939 1310 4015 permitte
1333 3948 1391 3999 etc.
1419 3935 1568 3999 Gratulor
1591 3938 1646 3999 tibi

186 4041 376 4121 plurimum
393 4040 481 4120 quod
504 4053 535 4103 te
558 4043 625 4102 istis
648 4043 753 4103 curiae
776 4043 929 4104 molestiis
944 4041 994 4103 vel
1011 4044 1118 4120 potius
1142 4043 1274 4103 miseriis
1298 4043 1486 4118 tempestive
1508 4043 1648 4120 eripuisti

187 4156 222 4206 et
241 4147 369 4224 quietae
385 4147 467 4205 vitae
489 4145 581 4207 simul
606 4157 636 4207 et
660 4145 866 4208 honestarum
889 4146 1049 4206 literarum
1073 4145 1184 4207 studiis
1207 4143 1369 4206 tradidisti.
1394 4144 1464 4206 Nos
1486 4145 1536 4205 hic
1559 4164 1649 4205 more

187 4248 291 4309 solito
314 4251 344 4309 in
369 4248 476 4309 medio
499 4268 686 4311 acervorum
710 4250 776 4310 auri
799 4261 830 4310 et
853 4252 975 4332 argenti
1002 4269 1074 4311 cum
1100 4269 1172 4330 rege
1197 4251 1301 4309 miseri
1326 4261 1356 4310 et
1381 4251 1494 4327 inopes
1517 4250 1649 4309 vivimus

187 4365 224 4414 ct
248 4363 329 4431 puto
352 4353 488 4433 amplius
510 4356 661 4414 vivemus.
686 4352 751 4414 Nisi
776 4355 860 4414 enim
885 4353 1036 4415 Maiestas
1052 4352 1116 4416 Sua
1140 4353 1235 4414 rebus
1258 4354 1322 4416 suis
1345 4352 1434 4414 aliter
1457 4351 1649 4413 consuluerit

187 4467 223 4518 et
249 4455 429 4536 providerit,
445 4476 556 4517 vereor
580 4456 731 4535 profecto,
751 4476 792 4517 ne
814 4459 1031 4518 crescentibus
1054 4457 1145 4518 malis
1168 4458 1216 4517 his
1239 4476 1363 4535 nosque
1386 4458 1528 4536 quotidie
1549 4459 1649 4538 magis

189 4562 381 4642 urgentibus
397 4580 532 4642 regnum
549 4559 632 4622 istud
656 4561 742 4622 brevi
765 4560 941 4641 relinquere
964 4572 995 4622 et
1019 4562 1083 4622 alio
1106 4580 1141 4621 se
1156 4561 1323 4622 nobiscum
1345 4562 1488 4621 conferre
1504 4571 1647 4643 cogatur.

191 4664 229 4726 ln
254 4667 316 4726 isto
339 4678 508 4740 conventu,
532 4665 656 4745 quibis
680 4663 792 4726 diebus
816 4677 901 4727 certe
924 4667 999 4727 satis
1022 4665 1172 4745 frequens
1198 4664 1325 4727 habitus
1349 4665 1414 4739 fuit,
1437 4664 1511 4725 nibil
1535 4667 1645 4726 omnio

191 4769 235 4832 de
258 4770 355 4831 rebus
377 4772 443 4831 suis
466 4789 524 4832 nec
546 4772 610 4851 egit
641 4789 699 4831 nec
722 4769 895 4848 disposuit:
927 4772 1028 4849 quisi
1052 4773 1113 4830 iam
1141 4789 1206 4830 non
1230 4771 1285 4841 sui,
1310 4768 1424 4830 saltem
1447 4770 1590 4850 coniugis
1613 4779 1645 4829 et

193 4874 320 4936 futurae
342 4875 463 4937 sobolis
487 4874 643 4935 maiorem
674 4893 783 4934 curam
807 4886 838 4936 et
861 4878 1016 4935 rationem
1046 4874 1165 4934 babere
1187 4874 1330 4934 deberet.
1365 4872 1493 4934 Dictum
1517 4885 1565 4934 est
1589 4873 1645 4945 his,

194 4980 250 5060 qui
265 4998 317 5039 res
332 4991 364 5040 et
379 4981 508 5059 negotia
525 4977 699 5039 Maiestatis
722 4976 807 5039 Suae
830 4979 959 5039 turbant
982 4989 1013 5039 et
1037 4977 1222 5056 impediunt,
1239 4996 1347 5038 coram
1364 4975 1558 5039 Celsitudine
1573 4975 1646 5050 Sua,

194 5087 225 5144 in
249 5083 364 5143 faciem
387 5095 417 5146 et
440 5083 574 5146 testibus
598 5083 854 5163 comprobatum,
878 5082 968 5161 quod
991 5083 1065 5145 talia
1088 5092 1120 5142 et
1143 5083 1218 5142 talia
1240 5079 1455 5144 faciant'Eos
1478 5083 1647 5141 iustissime

195 5189 353 5266 corripere
376 5199 408 5249 et
429 5189 583 5269 castigare
606 5190 725 5267 potuit:
754 5185 812 5248 sed
835 5206 940 5266 neque
963 5207 1001 5248 os
1024 5189 1155 5266 aperire,
1178 5200 1212 5263 ut
1235 5189 1280 5247 eis
1303 5184 1422 5265 aliquid
1445 5185 1570 5258 diceret,
1594 5205 1648 5245 vo—

194 5292 266 5367 luit;
290 5303 387 5372 atque
409 5294 451 5353 ita
474 5304 650 5355 conventus
680 5291 729 5353 illc
760 5291 932 5353 dissolutus
963 5302 1020 5366 est,
1043 5293 1073 5351 in
1098 5311 1163 5370 quo
1195 5290 1269 5351 nibil
1292 5289 1377 5350 aliud
1400 5288 1518 5350 factum
1541 5307 1646 5368 neque
