3660 5850
860 332 952 393 149⁷.

879 603 929 662 llll.

582 737 800 812 Bohuslav
830 736 932 810 krali
962 735 1264 810 Vladislavovi.

271 910 335 965 1497
355 940 385 947 -
405 909 449 964 22.
469 909 565 966 dubria.
583 909 725 976 Dovozuje
745 909 868 978 potiebu,
886 908 940 976 aby
959 908 1099 960 obsazeno
1118 907 1183 976 bylo
1201 910 1266 977 opet
1284 906 1499 975 arcibiskupstvl
1518 905 1633 959 Praislrl

184 1013 201 1049 a
219 996 313 1049 cirlrev
332 995 469 1050 katolicka
488 997 609 1049 vracena
628 995 755 1065 lrbyvale
775 994 941 1065 dbstojnosli
960 1013 976 1049 a
996 994 1077 1048 moci.
1097 994 1168 1064 (App
1190 993 1269 1064 epist.
1282 1012 1299 1047 a
1312 995 1369 1064 rkp.
1382 995 1402 1049 1.
1415 994 1451 1048 D.
1463 992 1481 1045 3
1493 992 1511 1048 f.
1523 992 1633 1055 tlt-53,

186 1083 335 1153 Vinaricky'
353 1083 407 1151 aa.)

271 1243 481 1308 Serenissimo
509 1257 606 1324 atque
635 1243 902 1307 excellentissimo
935 1244 1067 1323 principi
1090 1242 1136 1305 D.
1164 1241 1201 1304 D.
1233 1241 1421 1315 wladislao,
1451 1240 1633 1302 Pannoniae

186 1348 425 1429 Bohcmiaeque
441 1349 514 1431 regi,
531 1347 709 1409 Bobuslaus
724 1369 742 1409 a
759 1347 943 1410 Lobkoricz
958 1358 990 1408 et
1006 1349 1036 1408 in
1054 1346 1277 1425 Hassensteyn
1295 1367 1319 1408 s.
1335 1366 1366 1426 p.
1381 1344 1412 1406 d.
1435 1343 1635 1408 Scribentem

187 1471 239 1514 me
262 1452 303 1514 ad
331 1464 371 1528 te,
395 1472 451 1514 rex
475 1452 658 1524 Wladislae,
682 1451 840 1533 pleraque,
872 1454 903 1513 in
932 1453 1049 1532 quibus
1079 1451 1147 1513 laus
1170 1463 1201 1512 et
1228 1450 1408 1532 amplitudo
1431 1450 1572 1511 nominis
1593 1448 1636 1508 tui

187 1577 384 1639 magnopere
399 1568 548 1631 versatur,
573 1577 695 1638 quaeso
712 1560 928 1636 obtestorque,
944 1567 978 1618 ut
993 1576 1099 1636 aequo
1115 1559 1223 1617 animo
1243 1556 1332 1629 seras,
1348 1574 1454 1635 neque
1469 1564 1637 1633 propterea

189 1663 373 1725 temeritatis
402 1673 434 1723 et
464 1660 681 1740 impudentiae
703 1661 907 1735 condemnes,
941 1663 994 1740 qui
1017 1662 1148 1722 caeteris
1177 1659 1308 1740 quidem
1335 1661 1367 1721 in
1396 1661 1494 1721 rebus
1525 1656 1637 1730 multis,

190 1766 253 1828 fide
276 1777 383 1828 tamen
414 1777 446 1828 et
475 1767 676 1828 observantia
703 1785 777 1847 erga
800 1776 831 1826 te
862 1765 977 1826 nemini
1001 1775 1130 1826 tuorum
1157 1764 1249 1832 cedo:
1276 1775 1316 1837 et,
1346 1764 1404 1824 nisi
1427 1762 1526 1831 fallor.
1549 1772 1637 1823 tanto

190 1889 261 1933 sum
292 1868 465 1939 officiosior
494 1870 735 1945 existimandus,
762 1881 886 1950 quanto
913 1867 1026 1930 melius
1055 1882 1103 1932 est
1133 1869 1180 1930 vel
1207 1871 1352 1948 ineptum
1379 1866 1500 1947 aliquid
1530 1865 1638 1937 faeere,

190 1994 287 2055 quam
310 1993 357 2049 ea,
380 1994 463 2054 quae
478 1974 593 2036 honori
615 1973 797 2057 gloriaeque
812 1985 887 2035 tuae
903 1973 1044 2052 inprimis
1062 1973 1254 2047 conducimt‚
1277 1975 1415 2035 reticere.
1439 1970 1532 2032 Multi
1556 1970 1638 2031 enim

190 2079 304 2140 eadem
334 2078 477 2154 fortasse,
508 2098 591 2158 quae
620 2097 690 2160 ego,
720 2078 867 2151 sentiunt,
894 2077 953 2139 sed
976 2088 1010 2139 ut
1033 2086 1131 2155 poeta
1153 2079 1205 2149 ait,
1227 2077 1332 2139 dicere
1346 2075 1370 2141 ¹)
1393 2086 1554 2138 mussant:
1576 2076 1639 2135 sive

190 2183 279 2263 quod
302 2182 419 2245 leviora
441 2193 563 2263 putant,
586 2201 684 2263 quam
707 2193 742 2243 ut
764 2181 806 2243 ad
829 2193 860 2244 te
883 2179 1070 2262 perferenda
1092 2184 1162 2255 sint,
1188 2183 1254 2241 sive
1277 2179 1374 2260 quod,
1398 2178 1479 2240 dum
1501 2179 1640 2258 privatos

190 2307 267 2349 suos
288 2300 441 2367 quaestus
464 2300 495 2348 et
518 2288 605 2349 lucra
635 2298 819 2366 sequuntur,
850 2285 926 2347 nihil
949 2296 981 2346 te
1004 2287 1084 2347 scire
1106 2283 1226 2351 volunt.
1250 2284 1336 2346 unde
1357 2302 1472 2344 eorum
1495 2282 1640 2343 avaritiae

189 2403 287 2471 atque
309 2390 472 2469 cupiditati
496 2390 613 2452 modus
628 2390 748 2469 imponi
764 2391 872 2469 possit.
895 2388 967 2472 Ego
982 2409 1066 2456 vero,
1083 2391 1136 2467 qui
1154 2388 1231 2450 mihi
1255 2389 1302 2450 his
1321 2387 1491 2449 affectibus
1513 2405 1641 2466 prorsus

190 2495 269 2556 liber
291 2495 410 2568 videor,
441 2493 530 2556 facile
553 2492 711 2554 adductus
733 2512 814 2565 sum,
845 2505 879 2556 ut
903 2493 985 2554 banc
1009 2495 1206 2572 provinciam
1228 2495 1377 2555 subirem.
1417 2491 1536 2571 Neque
1558 2492 1641 2551 enim

190 2619 308 2671 vereor,
342 2619 382 2660 ne
413 2600 576 2678 quippiam
607 2617 775 2677 perperam
805 2597 925 2659 dixisse
953 2598 1027 2660 mihi
1060 2597 1148 2677 apud
1171 2608 1203 2658 te
1225 2596 1360 2677 capitale
1382 2599 1431 2668 sit,
1462 2597 1518 2677 qui
1547 2596 1640 2657 etiam

191 2704 258 2771 ill's,
281 2706 334 2783 qui
364 2715 421 2765 tuo
451 2704 545 2782 capiti
575 2700 778 2764 tetenderunt
802 2702 937 2776 insidias,
972 2721 1038 2763 non
1061 2701 1212 2763 dubitasti
1235 2720 1295 2781 pro
1317 2712 1372 2764 tua
1395 2698 1642 2761 mansuetudine

192 2811 370 2891 ignoscere:
393 2826 497 2887 neque
520 2818 628 2868 tamen
651 2826 670 2866 a
693 2825 746 2866 me
769 2805 888 2884 aliquid
911 2804 1069 2868 eiusmodi
1092 2807 1254 2885 expectari
1282 2805 1385 2879 velim,
1408 2804 1502 2885 quod
1524 2813 1569 2877 tu,
1592 2802 1643 2883 qui

191 2931 319 2975 summa
340 2910 582 2991 admirabilique
605 2911 759 2988 sapientia
782 2909 946 2989 praeditus
971 2929 1014 2983 es,
1045 2929 1111 2971 non
1134 2905 1397 2991 animadvertet)
1435 2906 1610 2971 Caeterum
1618 2902 1643 2969 'l

192 3036 260 3090 nos,
284 3018 337 3096 qui
361 3019 442 3077 inter
464 3014 578 3096 vulgus
609 3013 736 3075 assidue
759 3015 900 3087 sivimus,
928 3013 1027 3076 multa
1054 3014 1211 3088 audimus
1238 3033 1323 3095 quae
1345 3013 1386 3075 ad
1410 3014 1572 3092 principes
1593 3011 1644 3071 v'ur

191 3121 389 3201 perveniunt,
420 3129 452 3181 et
479 3118 567 3199 quod
595 3120 626 3179 in
661 3117 861 3180 multitudine
895 3136 1013 3199 magna
1046 3118 1214 3182 hominum
1240 3118 1347 3179 varios
1375 3135 1545 3179 sermones
1575 3116 1645 3177 oriri

192 3243 324 3286 necesse
346 3236 401 3293 est,
425 3234 456 3284 et
480 3223 569 3303 quod
593 3222 680 3303 apud
703 3242 764 3283 nos
787 3221 950 3283 liberiores
972 3242 1069 3284 voces
1091 3234 1180 3285 sunt:
1204 3240 1288 3303 quae
1310 3241 1353 3282 ex
1379 3240 1433 3282 me
1455 3223 1646 3303 cognovisse

192 3328 325 3391 sortasse
348 3346 465 3407 operae
488 3329 624 3407 pretium
649 3328 713 3388 erit.
740 3325 824 3386 Nam
846 3336 877 3385 et
901 3327 1078 3405 priscorum
1101 3346 1213 3409 regum
1236 3326 1378 3399 nonnuli,
1393 3344 1471 3388 cum
1494 3344 1647 3405 purpura·

192 3443 298 3495 toruru
321 3432 452 3512 plausus
474 3444 643 3510 suspectos
666 3431 829 3502 haberent,
853 3430 979 3508 plebeio
1001 3433 1120 3493 amictu
1143 3433 1230 3492 vicos
1253 3431 1440 3510 plateasque
1463 3429 1647 3500 circuibant,

192 3548 223 3599 et
245 3535 357 3616 populi
379 3534 421 3597 de
436 3555 470 3597 se
487 3536 687 3597 rumusculos
710 3535 960 3613 aucupabantur.
985 3534 1101 3615 Neque
1124 3535 1239 3615 puduit
1261 3554 1319 3597 eos
1341 3532 1461 3615 aliquid
1484 3552 1528 3592 ex
1552 3533 1648 3594 maie·

192 3653 275 3702 state
304 3635 501 3713 remittere,⁸l
529 3660 595 3720 quo
625 3640 784 3701 cautiores
810 3638 1098 3719 prudentioresque
1131 3638 1310 3701 eraderent.
1349 3637 1440 3699 Haec
1464 3656 1528 3719 ego
1551 3636 1595 3697 ad
1617 3646 1648 3697 te

192 3746 288 3827 longe
310 3745 426 3807 tutiore
448 3747 497 3805 ria
519 3744 638 3809 adsero,
662 3744 703 3805 nil
727 3756 929 3805 recusaturus
948 3746 1023 3824 pati,
1046 3746 1072 3804 si
1095 3743 1173 3824 quid
1196 3746 1363 3805 mentitum
1386 3742 1537 3803 invenies.
1560 3738 1649 3803 Audi

193 3848 352 3911 duntaxat
375 3850 514 3931 benigne
531 3868 583 3909 me
607 3868 706 3910 unum
723 3866 892 3909 enumero
915 3846 1117 3927 popularium
1141 3858 1271 3910 tuorum
1293 3866 1359 3908 non
1384 3864 1489 3907 meam
1513 3863 1648 3907 musam

192 3966 351 4035 agentem,
373 3952 431 4013 sed
454 3953 646 4033 reipublicae
670 3966 700 4013 et
725 3953 853 4030 patriae.
877 3971 961 4032 quae
981 3963 1029 4014 tot
1045 3951 1278 4013 immortalibus
1299 3951 1357 4012 tibi
1379 3948 1528 4011 detincta
1552 3949 1649 4010 bene-

194 4056 271 4118 ficiis
293 4076 359 4118 non
382 4058 446 4118 iam
462 4068 496 4118 ut
512 4057 680 4118 dominum
697 4068 727 4117 et
744 4076 852 4138 regem
868 4068 900 4116 te
916 4058 1036 4125 metuit,
1058 4055 1116 4117 sed
1138 4067 1173 4119 ut
1195 4054 1506 4138 indulgentissimum
1522 4064 1649 4132 patrem

193 4160 277 4227 colit,
300 4172 394 4228 amat.
416 4174 584 4224 ueneratur
615 4173 645 4221 et
677 4162 835 4222 observat.
878 4160 972 4221 Libet
994 4160 1073 4222 haec
1096 4160 1193 4240 paulo
1216 4159 1309 4222 altius
1331 4170 1484 4238 repetere,
1513 4176 1593 4218 curn
1615 4166 1651 4218 ut

193 4284 240 4333 ea,
263 4283 347 4343 quae
370 4267 507 4327 scribere
529 4268 655 4335 institui,
678 4265 808 4327 clan'ora
831 4268 902 4338 sint,
925 4275 994 4326 tum
1017 4276 1052 4326 ut
1075 4263 1226 4343 exemplo
1249 4275 1306 4326 tuo
1328 4281 1517 4345 cognoscas,
1551 4280 1651 4341 quam

193 4369 350 4449 populare
365 4381 397 4430 et
413 4372 564 4431 munibus
578 4381 713 4451 gratum,
729 4372 847 4431 iustum
863 4369 1105 4450 legitimumque
1120 4371 1288 4449 imperium
1303 4370 1352 4430 sit„
1373 4365 1653 4429 adolescentulus

193 4492 274 4545 eras,
295 4473 427 4553 quando
450 4477 588 4554 primum
610 4474 704 4535 huius
727 4476 908 4553 proxinciae
936 4474 1204 4555 gubernationem
1225 4472 1402 4552 suscepisti,
1425 4472 1541 4532 omnia
1563 4470 1653 4551 apud

194 4596 256 4639 nos
277 4576 377 4638 dubia
404 4581 588 4658 incertaque
618 4581 767 4656 reperisti.
798 4577 873 4638 nihil
896 4579 952 4639 tibi
974 4576 1038 4650 tidi,
1061 4577 1136 4638 nihil
1159 4578 1217 4638 tuti
1240 4594 1377 4656 usquam
1400 4586 1479 4636 erat
1517 4573 1654 4638 Pressus

193 4700 229 4742 es
250 4696 388 4743 externo
410 4682 496 4743 bellu
512 4683 830 4760 domesticarumque
846 4681 982 4754 insidiis;
1005 4700 1121 4762 magna
1144 4693 1274 4742 tuorum
1296 4698 1381 4760 pars,
1403 4679 1464 4739 nisi
1486 4679 1655 4741 cotidiana

195 4804 327 4847 munera
352 4805 394 4846 ex
418 4801 449 4847 te
470 4800 606 4866 caperet,
628 4787 671 4848 ab
694 4785 801 4848 officio
830 4785 1024 4848 discedebat
1063 4783 1298 4847 llliserebantur
1320 4784 1366 4845 tui
1388 4800 1508 4845 omnes
1531 4786 1657 4846 vicinae

289 4996 305 5043 ²¹.
324 4994 348 5044 lx
367 5010 457 5043 uerna

287 5080 304 5127 ³l
323 5079 346 5129 K
364 5077 487 5130 verteris.

288 5164 346 5216 ‘lli
365 5164 465 5217 Ceteri.

286 5254 305 5299 ‘l
324 5251 350 5302 ‚u
368 5251 531 5320 relinquere.
