3660 5850
758 388 850 450 tsov.

771 658 840 722 139.

379 793 599 869 Bohuslav
631 795 882 870 Bernhardu
909 795 1233 872 Adelmannovi.

165 983 186 1039 Ζ
206 980 361 1041 Ηιείἒίοὶιια
379 983 442 1039 tto?
456 1013 488 1022 -
503 984 538 1038 12.
557 981 661 1040 ludina.
688 982 803 1036 Vzdavri
821 983 932 1046 chvalm
948 984 980 1038 ie
1000 984 1065 1053 jako
1083 986 1216 1054 vyslanec
1238 985 1355 1055 biskupa
1373 987 1530 1041 Eichstiidt-

79 1070 165 1122 skeho
184 1070 299 1124 diasten
322 1070 377 1137 jest
400 1070 524 1124 lisskfho
543 1073 642 1123 snemu
661 1088 678 1121 v
696 1070 832 1135 Kostnici,
851 1088 867 1124 a
886 1070 954 1124 iada
978 1088 1012 1125 za
1029 1073 1130 1142 zpravy
1148 1089 1165 1125 o
1181 1071 1247 1140 jeho
1265 1075 1423 1127 snesenich.
1448 1076 1529 1143 (Luc.

79 1157 126 1208 1¹21
135 1162 158 1220 b,
178 1157 329 1224 Vinalicly
347 1158 400 1223 81.)

165 1333 351 1396 Bemhardo
374 1355 433 1397 suo
457 1332 663 1396 Adelmanno
687 1355 710 1396 s.
734 1354 765 1414 p.
789 1335 818 1396 d.
854 1334 952 1415 Quod
982 1335 1140 1415 pontificis
1169 1339 1214 1399 tui
1244 1340 1374 1400 nomine
1401 1341 1430 1401 in
1454 1359 1530 1402 con·

79 1448 175 1499 ventu
205 1435 440 1500 Constantiensi
471 1439 567 1521 legati
598 1439 703 1501 officio
730 1439 857 1501 functus
887 1459 931 1514 es,
965 1440 1063 1501 laudo
1095 1451 1126 1502 et
1148 1442 1283 1522 gaudeo
1316 1441 1418 1522 Spero
1445 1446 1529 1505 enim

79 1545 222 1604 ‚aborcm
244 1542 330 1605 hunc
359 1554 450 1605 tuum
480 1563 548 1605 non
570 1546 639 1607 sine
670 1544 772 1605 fructu
803 1543 913 1606 fuisse:
944 1564 1019 1605 nam
1049 1557 1081 1607 et
1104 1546 1251 1609 virtutem
1278 1547 1529 1629 industriamque

79 1667 164 1708 :uam
187 1650 261 1708 novi
284 1659 316 1709 et
338 1651 412 1722 scio,
444 1659 600 1728 quantum
623 1651 801 1730 integritate
827 1651 910 1711 vitae
938 1647 1025 1728 apud
1056 1669 1171 1712 omnes
1197 1651 1304 1712 bonos
1333 1655 1529 1714 auctoritatis

79 1763 266 1814 :onsecutus
289 1754 339 1813 sis,
362 1751 477 1831 Neque
501 1763 557 1828 est,
581 1773 637 1814 cur
659 1763 691 1814 te
713 1754 819 1831 ipsum
842 1772 982 1828 accuses
1006 1754 1096 1834 quod
1118 1753 1314 1816 domesticae
1337 1758 1434 1835 quieti
1449 1776 1529 1818 rem-

79 1855 237 1918 )ublicam
260 1858 490 1934 anteposueris.
526 1856 600 1918 Non
624 1856 711 1918 enim
734 1856 839 1919 solum
863 1858 965 1930 nobis,
988 1869 1023 1920 ut
1046 1857 1137 1919 Plato
1160 1860 1210 1931 ait,
1235 1861 1298 1920 nati
1322 1878 1441 1929 sumus,
1471 1860 1529 1921 sed

79 1972 163 2023 >rtus
187 1962 285 2022 nostri
310 1972 434 2040 partem
462 1962 521 2022 sibi
547 1964 655 2041 patria,
687 1973 810 2040 partem
841 1963 934 2023 amici
961 1962 1138 2024 vendicant.
1173 1962 1265 2024 Multi
1296 1965 1392 2024 etiam
1423 1966 1530 2047 magni

79 2067 127 2125 ‚riri
150 2068 280 2146 argutiis
304 2065 436 2127 scholae
458 2068 643 2127 intermissis
666 2066 767 2127 simile
790 2084 908 2126 munus
939 2067 1096 2127 obierunt.
1127 2064 1207 2144 Quis
1237 2069 1321 2127 enim
1345 2070 1444 2129 nescit
1466 2080 1530 2130 tres

80 2169 144 2230 llos
167 2167 412 2231 Atheniensium
436 2170 566 2251 legatos,
602 2171 655 2249 qui
678 2169 803 2232 diverso
833 2171 1034 2250 eloquentiae
1057 2189 1174 2252 genere
1208 2191 1263 2232 ora
1290 2174 1388 2234 totius
1419 2172 1529 2252 populi

79 2272 209 2335 Romani
240 2275 271 2334 in
295 2293 330 2333 sc
353 2272 598 2335 converterunt?
631 2273 672 2334 Et
695 2271 922 2349 Anaximenes,
954 2273 1213 2354 diligentissimus
1245 2287 1377 2338 naturae
1405 2278 1529 2338 investi-

79 2388 177 2460 gator,
208 2378 249 2439 ad
273 2375 496 2439 Alexandrum
520 2381 635 2439 missus
666 2380 800 2456 patriam
831 2377 919 2439 dicto
946 2397 1011 2438 non
1041 2381 1146 2440 minus
1170 2380 1294 2441 urbano
1321 2398 1419 2459 quam
1442 2381 1528 2441 vafro

79 2483 115 2543 ab
140 2485 265 2544 interitu
296 2483 448 2544 liberavit.
483 2481 572 2544 Plato
604 2502 743 2564 quoque,
773 2502 813 2544 ne
836 2501 911 2544 eum
941 2483 1142 2562 praecepisse
1172 2493 1297 2545 tanturn
1324 2494 1426 2564 putes,
1457 2504 1528 2545 aca-

79 2586 181 2647 iemia
204 2587 311 2647 relicta
333 2584 471 2647 Siciliam
495 2588 658 2668 navigavit,
681 2597 713 2648 et
736 2586 869 2648 Bionern
893 2587 997 2660 talem,
1021 2587 1125 2668 qualis
1145 2588 1210 2661 fuit,
1234 2587 1378 2664 reddidit,
1402 2599 1434 2649 et
1452 2588 1528 2650 Dio

79 2693 155 2770 aysii
171 2710 338 2769 perversos
361 2709 475 2764 mores,
503 2702 659 2772 quantum
682 2693 794 2769 potuit,
818 2693 974 2772 corrigere
998 2701 1094 2770 atque
1117 2692 1289 2753 emendare
1312 2703 1448 2754 conatus
1471 2702 1527 2753 est.

79 2794 159 2874 Quin
183 2798 250 2873 ipse
273 2795 445 2874 voluptatis
468 2806 606 2857 assertor
635 2794 792 2874 Epicurus
822 2795 1044 2857 accedendum
1075 2796 1116 2857 ad
1147 2797 1377 2875 rempublicam
1407 2797 1528 2858 homini

79 2901 217 2977 sapienti,
240 2902 266 2960 si
289 2899 365 2979 quid
389 2902 596 2974 intervenerit,
619 2900 795 2961 arbitratur.
819 2896 912 2960 Certe
933 2901 965 2960 in
988 2901 1078 2961 initio
1093 2902 1252 2970 nascentis
1275 2901 1428 2963 ecclesiae
1451 2921 1528 2981 apo·

79 3003 147 3065 stoli
170 3003 299 3065 Domini
330 3003 508 3065 maluerunt
532 3024 588 3083 per
617 3014 729 3086 gentes
755 3006 966 3085 nationesque
989 3007 1095 3087 vagari
1122 3016 1153 3065 et
1181 3004 1361 3066 doctrinam
1388 3007 1528 3087 magistri

79 3110 227 3170 omnibus
249 3109 406 3169 inculcare
428 3109 555 3189 populis
584 3127 681 3190 quam
710 3118 765 3169 aut
795 3108 837 3169 de
860 3120 998 3189 quatuor
1027 3108 1168 3189 paradisi
1197 3108 1382 3171 fluminibus
1414 3107 1529 3172 Hiero-

79 3214 209 3290 solymis
231 3213 393 3291 disputare
416 3225 470 3274 aut
493 3215 582 3275 vanis
605 3213 855 3293 quaestionibus,
887 3213 1003 3293 quibus
1027 3212 1090 3273 hoc
1117 3222 1261 3293 tempore
1284 3212 1332 3274 vel
1354 3213 1527 3276 reluctante

79 3317 197 3395 populo
221 3335 333 3378 omnes
355 3316 575 3397 religiosorum
591 3317 720 3378 scholae
742 3318 855 3397 plenae
870 3327 953 3390 sunt,
976 3319 1102 3378 animos
1118 3335 1290 3395 occupare;
1315 3318 1369 3398 qui
1384 3319 1410 3379 si
1425 3316 1527 3379 Anto-

79 3423 117 3482 nii
140 3420 336 3500 hiacariique
363 3421 575 3495 solitudinem,
606 3441 703 3502 quam
734 3441 795 3504 ego
825 3423 954 3483 minime
978 3420 1185 3501 reprehend0,
1215 3424 1329 3483 imitari
1357 3421 1528 3483 voluissent

79 3536 105 3587 et
129 3528 227 3587 eremi
251 3525 411 3588 duntaxat
433 3528 579 3588 vastitate
601 3525 759 3600 delectari,
786 3545 952 3605 nunquam
974 3523 1151 3588 Christiana
1173 3527 1275 3605 pietas
1297 3537 1352 3588 aut
1375 3537 1441 3588 tarn
1465 3526 1527 3588 alte

79 3630 199 3692 radices
221 3631 345 3712 egisset,
368 3642 423 3692 aut
445 3641 494 3692 tot
516 3631 661 3709 palmites
683 3632 899 3712 germinaque,
927 3649 1011 3710 quae
1034 3629 1177 3709 quotidie
1201 3649 1329 3691 cernere
1351 3630 1431 3703 licet,
1455 3650 1528 3709 pro·-

79 3735 230 3796 duxisset.
254 3733 368 3814 Neque
391 3745 519 3812 oportet
542 3753 625 3795 nunc
649 3734 725 3796 mihi
748 3733 1015 3796 consuetudinem
1039 3752 1144 3794 meam
1168 3733 1374 3811 exprobrare,
1398 3735 1451 3814 qui
1470 3737 1529 3797 etsi

79 3841 142 3900 otio
165 3839 304 3900 literario
327 3839 368 3899 ab
392 3840 460 3917 ipsa
483 3837 698 3900 adolescentia
714 3840 887 3918 plurimum
910 3839 1081 3911 tribuerim,
1105 3857 1269 3918 nunquam
1292 3846 1400 3901 tamen
1417 3858 1457 3901 eo
1473 3838 1527 3900 de-

79 3946 214 4004 mentiae
237 3961 425 4025 progressus
447 3962 527 4016 sum,
551 3954 585 4004 ut
601 3962 669 4016 nos,
685 3945 835 4025 ignavum
858 3963 958 4025 genus
977 3946 1078 4024 etqui
1101 3952 1225 4004 tantum
1247 3953 1333 4005 tecto
1348 3942 1528 4024 gaudemus

79 4058 105 4108 et
128 4047 252 4120 umbra,
277 4047 331 4117 his,
348 4049 401 4127 qui
425 4046 655 4126 rempublicam
671 4048 899 4116 administrant,
923 4047 1134 4109 conferendos
1158 4047 1309 4121 iudicem;
1332 4066 1449 4126 nempe
1472 4049 1527 4127 qui

79 4170 183 4232 neque
206 4151 275 4222 hoc,
306 4170 373 4230 quo
401 4150 484 4213 adeo
507 4149 710 4224 delectamur,
738 4153 804 4212 otio
827 4151 884 4211 frui
907 4171 1085 4231 possemus,
1115 4155 1174 4214 nisi
1197 4151 1322 4213 illorum
1344 4170 1408 4230 ope
1430 4161 1527 4232 atque

79 4256 195 4318 auxilio
219 4256 261 4316 ab
284 4257 392 4316 iniuria
415 4268 446 4317 et
474 4255 630 4317 maleficio
661 4255 913 4317 defenderemur.
960 4256 1082 4318 lustum
1114 4267 1222 4317 autem
1244 4265 1300 4326 est,
1331 4266 1366 4316 ut
1388 4258 1526 4331 virtutes

79 4379 156 4440 quas
179 4361 239 4438 ipsi
260 4359 390 4421 forsitan
414 4379 470 4437 per
492 4360 673 4421 socordiam
697 4363 823 4441 assequi
846 4380 912 4421 non
935 4380 1116 4440 possumus,
1147 4360 1261 4421 saltem
1283 4364 1314 4421 in
1338 4359 1405 4421 aliis
1427 4359 1526 4422 admi-

79 4483 189 4525 remur.
215 4462 328 4544 Neque
351 4473 459 4524 tamen
482 4467 663 4545 negaverim
686 4484 750 4538 eos,
774 4467 829 4545 qui
844 4476 898 4527 aut
921 4465 1077 4526 imbecilla
1092 4465 1273 4527 valetudine
1296 4476 1377 4539 sunt,
1402 4475 1457 4526 aut
1472 4482 1527 4525 na·

79 4580 145 4630 tura
176 4567 218 4630 ad
251 4588 300 4630 res
327 4568 469 4651 agendas
499 4587 613 4646 parum
640 4569 765 4643 idonea,
800 4572 973 4648 sapientius
999 4590 1018 4630 a
1046 4569 1207 4649 republica
1238 4569 1396 4630 abstinere
1427 4588 1526 4649 quarn
1575 4575 1585 4592 ’

79 4673 218 4753 ingerere
240 4692 275 4733 se
298 4673 440 4753 negotiis,
471 4674 587 4752 quibus
617 4692 683 4735 non
706 4673 873 4736 sufiiciunt.
919 4672 1003 4734 Nam
1030 4683 1061 4733 et
1084 4671 1233 4735 Socrates
1264 4673 1337 4734 ideo
1368 4672 1526 4750 ephorum

79 4777 188 4838 aforo
210 4775 354 4850 abduxit,
384 4776 475 4856 qnod
501 4779 657 4856 aptiorem
685 4778 919 4857 componendis
950 4777 1151 4839 historiarum
1181 4779 1396 4839 monumentis
1426 4796 1525 4856 quam

79 4881 145 4941 foro
169 4882 372 4942 existimaret.
395 4880 468 4941 Tibi
492 4901 575 4954 vere,
598 4884 652 4961 qni
675 4901 808 4960 corpore
832 4881 924 4943 firmo
947 4901 989 4955 cs,
1012 4894 1044 4944 et
1067 4883 1193 4964 ingenio
1216 4880 1449 4962 prudentiaque
1464 4883 1527 4941 sin·

79 4984 183 5068 gulari,
206 4994 311 5045 aetate
333 4996 441 5046 autem
464 5005 510 5057 ea,
533 5005 616 5065 quae
640 4987 781 5047 maxime
808 4985 850 5046 ad
873 4985 1122 5048 consultandum
1144 4989 1235 5068 viget,
1266 5004 1385 5060 vereor,
1409 5005 1450 5046 nc
1473 4988 1525 5046 vix

79 5088 249 5150 honestum
272 5091 311 5150 sit
334 5090 376 5151 ita
398 5091 429 5149 in
452 5089 548 5171 literis
563 5089 668 5164 latere,
691 5101 725 5152 ut
749 5089 824 5150 nihil
847 5110 888 5151 ex
904 5090 952 5151 his
974 5089 1016 5151 ad
1032 5089 1192 5170 publicam
1217 5090 1382 5152 utilitatem
1402 5088 1524 5151 afferas.

79 5191 175 5271 Quod
198 5196 283 5254 enim
305 5193 347 5254 ad
371 5212 423 5254 mc
445 5196 565 5268 attinet,
589 5204 620 5254 et
643 5194 801 5273 pontificis
826 5197 871 5256 tui
893 5195 1060 5255 consilium
1083 5196 1196 5274 probo,
1228 5193 1317 5274 quod
1341 5204 1372 5254 te
1395 5194 1426 5254 in
1450 5213 1524 5254 eum

79 5297 183 5359 locum
207 5299 298 5371 misit,
322 5299 375 5359 ubi
395 5300 456 5358 vim
474 5300 569 5359 animi
592 5301 772 5381 ingeniique
796 5301 839 5360 tui
862 5298 1032 5360 ostendere
1048 5300 1160 5377 possis,
1182 5310 1214 5360 et
1230 5300 1396 5360 ecclesiam
1411 5296 1525 5377 Eyste-
