3660 5850
796 631 846 695 31.

415 770 609 846 Viktorin
638 792 686 844 ze
714 770 883 844 Vsehrd
911 768 1214 845 Bohuslavovi.

182 965 216 1033 (Ζ
236 965 335 1035 ΡηΙιγ)
356 967 420 1022 1492
439 995 470 1002 -
491 967 540 1032 (na
556 960 668 1035 poddllttt
688 963 774 1031 toltit).
794 965 858 1017 Vita
876 981 892 1016 a
912 961 1034 1030 oslavuje
1053 961 1218 1025 Bohuslava,
1237 970 1326 1015 zcest
1344 961 1391 1015 tak
1410 962 1544 1031 daleky'ch

95 1073 125 1108 se
144 1054 321 1122 vracejfciho.
352 1053 453 1121 Lituje,
472 1052 503 1106 ie
523 1052 639 1106 nemflie
668 1054 787 1106 knemu
815 1050 898 1121 piijiti
917 1051 986 1113 sam,
1008 1049 1051 1118 jsa
1069 1051 1157 1104 vfzfn
1184 1049 1375 1121 povinnoutmi
1401 1050 1547 1110 uiednfmi‚

94 1143 103 1198 i
122 1141 228 1210 steiuje
247 1142 271 1195 si
290 1160 326 1195 na
344 1141 493 1195 vladnouci
513 1141 600 1210 osoby
618 1140 731 1210 panslre,
750 1139 825 1194 ktere
844 1137 1016 1192 vzdelanosti
1035 1137 1157 1206 neum5ji
1176 1138 1269 1192 ceniti.
1288 1139 1374 1204 (Farr.
1395 1136 1464 1205 199.)

181 1321 367 1382 Victorinus
391 1319 433 1382 de
447 1317 605 1380 Wssehrd
628 1317 790 1379 Bohuslao
814 1315 1020 1395 Hasisteynio
1042 1336 1066 1377 s.
1090 1316 1119 1378 d.
1143 1316 1324 1380 Statueram
1349 1315 1545 1396 iampridem,

94 1426 139 1486 vir
162 1423 340 1508 magnifice,
364 1422 405 1485 H.
429 1420 467 1484 T.
491 1432 649 1503 quatenus
672 1440 737 1482 non
761 1419 855 1484 datur
877 1419 1021 1501 pedibus,
1045 1421 1092 1482 vel
1115 1420 1245 1485 literulis
1268 1422 1347 1482 meis
1370 1421 1466 1494 adire,
1489 1419 1546 1483 sed

95 1539 233 1592 conatus
248 1548 340 1591 meos
356 1526 510 1590 hactenus
533 1525 768 1590 tabellariorum
785 1527 915 1606 penuria
938 1525 1044 1608 fregit:
1067 1544 1153 1588 nunc
1168 1535 1275 1589 autem
1299 1526 1444 1610 frangere
1459 1524 1546 1589 nullo

95 1646 193 1713 pacto
216 1643 343 1714 poterat
363 1632 488 1715 Joanne
504 1631 687 1694 tabularum
710 1634 814 1693 curiae
837 1631 940 1693 scriba
955 1633 1039 1692 viam
1061 1630 1134 1692 huic
1149 1633 1316 1712 proposito
1339 1640 1545 1693 monstrante.

95 1737 262 1801 Reducem
285 1757 347 1821 ego
362 1749 402 1813 te,
426 1735 594 1810 Bohuslae‚
618 1734 771 1799 nobilium
791 1733 1010 1810 eruditissime,
1033 1734 1230 1797 eruditorum
1247 1735 1451 1810 nobilissime,
1474 1746 1548 1816 post

95 1853 204 1906 totae
227 1854 335 1906 tantos
357 1853 424 1905 tam
446 1842 555 1924 magni
576 1842 663 1903 orbis
686 1842 833 1902 circuitus
855 1842 966 1913 varios,
996 1837 1190 1920 populorum
1214 1859 1321 1903 mores
1343 1841 1494 1903 lustratos
1517 1851 1549 1901 et

95 1948 191 2009 urbes
214 1952 244 2010 in
261 1951 396 2029 patriam
420 1947 620 2026 domumque
635 1956 724 2008 tuam
748 1947 912 2006 revertisse
935 1944 1071 2027 gaudeo.
1095 1942 1199 2006 Doleo
1212 1964 1287 2007 vero
1310 1946 1480 2025 plurimum
1496 1963 1549 2006 me

95 2064 228 2132 aspectu
260 2064 316 2115 tuo
356 2055 482 2133 tuisque
521 2051 834 2114 confabulationibus
873 2052 1068 2112 suavissimis
1109 2050 1256 2125 fraudari,
1290 2050 1377 2114 unde
1407 2050 1551 2113 nonnihil

94 2157 305 2219 emolumenti
328 2156 454 2218 literarii
477 2175 529 2217 me
552 2158 705 2235 consequi
728 2175 825 2236 posse
848 2165 935 2216 certo
959 2156 1035 2218 scio.
1065 2153 1229 2216 Discerem
1253 2158 1336 2217 enim
1361 2176 1380 2217 a
1403 2167 1441 2229 te,
1465 2175 1549 2237 quae

94 2280 197 2341 nuper
226 2260 363 2341 pedibus
391 2261 558 2341 oculisque
586 2259 783 2333 lustraveras,
815 2259 961 2322 oratione
994 2271 1252 2339 repraesentante
1282 2261 1389 2334 maria,
1423 2259 1549 2335 insulas

95 2367 209 2439 fontes,
242 2363 382 2438 flumina,
418 2365 512 2438 lacus,
544 2375 679 2437 montes,
714 2364 841 2426 urbium
875 2374 1096 2444 terrarumque
1134 2363 1219 2436 situS,
1250 2366 1353 2425 varios
1387 2373 1550 2445 praeterea

94 2472 237 2553 gentium
260 2469 455 2531 diversarum
486 2487 592 2530 mores
624 2467 792 2548 cultusque
822 2479 852 2530 et
876 2468 935 2529 alia
960 2465 991 2528 id
1014 2486 1116 2548 genus
1147 2467 1304 2546 permulta
1339 2471 1420 2530 scitu
1442 2467 1549 2550 digna,

95 2593 180 2654 quae
203 2572 289 2654 apud
313 2586 441 2636 autores
463 2572 607 2635 lectitans
637 2591 702 2632 non
732 2574 810 2634 satis
840 2571 1022 2655 intellegere
1052 2571 1157 2633 valeo:
1193 2582 1225 2634 te
1248 2590 1343 2651 super
1365 2572 1414 2634 his
1436 2572 1549 2634 disser-

95 2691 217 2741 tantem
234 2679 337 2741 multo
352 2679 476 2760 planius
491 2695 722 2760 cognoscerem
738 2676 957 2739 auscultando.
974 2675 1083 2738 Multis
1095 2677 1179 2737 enirn
1192 2675 1270 2738 haec
1285 2677 1400 2758 legisse
1415 2688 1548 2751 tantum,

95 2784 152 2844 tibi
186 2802 261 2845 vero
292 2795 324 2846 et
362 2783 479 2845 vidisse
510 2781 603 2865 licuit,
634 2782 818 2862 faciliorque
848 2792 880 2843 et
911 2799 984 2842 mea
1014 2780 1146 2861 quidem
1176 2781 1328 2861 opinione
1357 2783 1472 2845 certior
1502 2794 1550 2844 est

94 2907 200 2950 rerum
224 2889 374 2969 cognitio,
397 2906 494 2967 quam
519 2887 701 2949 inventione
717 2887 908 2966 acquirimus
931 2895 963 2948 et
978 2885 1174 2965 experientia
1190 2895 1221 2946 et
1238 2888 1427 2969 cognitione,
1450 2907 1549 2967 quam

95 2993 321 3072 consequimur
343 3011 400 3072 per
416 2991 604 3066 doctrinam,
629 3010 693 3071 qua
709 2989 827 3069 duplici
850 2992 899 3051 via
922 3008 1055 3052 omnem
1077 2992 1242 3053 scientiam
1265 3003 1411 3055 constare
1427 2990 1549 3054 Aristo-

95 3094 174 3157 teles
197 3094 345 3176 prodidit,
367 3097 551 3158 inventione
574 3093 720 3158 videlicet
736 3106 767 3156 et
791 3095 944 3156 doctrina.
967 3094 1116 3175 Utroque
1138 3097 1275 3157 istorum
1291 3097 1465 3159 modorum
1488 3116 1550 3179 ego

95 3212 126 3262 te
149 3219 224 3262 curn
248 3210 342 3262 antea
365 3219 499 3280 semper,
523 3210 591 3263 turn
615 3219 692 3262 vero
716 3200 778 3261 hoc
801 3209 946 3278 tempore
970 3201 1172 3279 potissimum
1195 3199 1351 3262 excellere
1367 3211 1399 3262 et
1415 3199 1548 3264 iudicavi

94 3317 125 3366 et
149 3304 337 3387 praedicavi,
353 3303 461 3368 iudico
481 3317 513 3367 et
529 3304 624 3384 plane
647 3303 805 3384 praedico.
830 3302 923 3366 Nunc
947 3305 1054 3383 itaque
1077 3323 1118 3364 ne
1140 3303 1249 3366 salutis
1264 3315 1296 3367 et
1311 3304 1406 3367 felicis
1428 3305 1549 3369 reditus

94 3412 140 3472 tui
162 3411 304 3492 ingratus
327 3419 383 3471 aut
406 3410 575 3472 immemor
607 3410 701 3470 animi
725 3411 769 3470 tui
797 3428 872 3492 erga
896 3427 948 3470 me
976 3407 1267 3471 benevolentissimi
1297 3409 1422 3485 iudicer,
1446 3410 1494 3472 his
1518 3421 1550 3473 te

95 3514 189 3576 literis
212 3534 343 3595 quoque
366 3513 453 3576 haud
476 3533 593 3597 magna
617 3533 690 3576 curn
713 3532 755 3586 re,
785 3532 850 3574 non
873 3533 968 3593 parva
991 3532 1068 3574 vero
1091 3511 1154 3575 fide
1177 3523 1209 3574 et
1231 3516 1410 3597 integritate
1433 3534 1549 3578 conve-

94 3621 161 3680 nire
184 3620 294 3681 statui:
327 3628 358 3679 et
381 3621 539 3682 venissem
568 3618 712 3698 profecto
743 3620 810 3697 ipse
836 3616 1033 3697 perlibenter,
1063 3617 1121 3679 sed
1152 3618 1216 3679 fata
1246 3619 1377 3681 obstant
1406 3622 1548 3700 tristique

93 3720 186 3802 palus
202 3722 378 3784 inamabilis
394 3723 480 3785 unda
495 3721 615 3806 Alligat
630 3733 688 3783 etc.
713 3721 779 3784 Scit
793 3723 878 3783 enim
895 3721 939 3783 M.
955 3719 1003 3795 T,
1027 3724 1083 3783 scit
1099 3734 1348 3802 purpuratorum
1365 3735 1548 3798 nostrorum

92 3829 212 3888 variam
238 3827 491 3901 mutabilitatem,
524 3827 641 3908 quibus
664 3828 717 3887 vix
748 3844 892 3906 unquam
915 3847 934 3886 a
956 3826 1094 3905 paribus,
1126 3825 1247 3889 nedum
1276 3828 1319 3888 ab
1350 3829 1549 3891 inferioribus

92 3931 237 3994 satisfieri
260 3943 376 4011 potest.
408 3931 482 3993 Huc
505 3931 635 4005 accedit,
658 3950 699 3992 ne
723 3950 742 3991 a
764 3929 910 4007 Satyrico
933 3941 1045 3992 nostro
1075 3930 1239 3993 discedam
1263 3942 1321 3993 etc.
1345 3928 1423 4015 (sic).
1452 3932 1549 3995 Adde

95 4035 185 4116 quod
220 4047 367 4099 nostrum
397 4038 550 4110 omnium,
586 4038 639 4117 qui
670 4035 833 4097 literarum
863 4033 971 4098 studio
1000 4035 1179 4118 flagramus,
1211 4035 1321 4098 infelix
1359 4055 1462 4119 genus
1491 4049 1547 4114 est,

93 4142 303 4222 convitiisque
325 4141 528 4221 stupidorum
555 4152 676 4222 patens,
701 4141 763 4221 qui,
794 4141 819 4200 si
843 4138 919 4219 quid
943 4139 1118 4221 aliquando
1149 4160 1191 4201 ex
1213 4139 1436 4223 philosophiae
1459 4161 1548 4222 prae·

95 4247 198 4324 ceptis
221 4245 393 4319 afferimus,
417 4245 449 4308 id
472 4247 578 4326 ipsum
601 4255 705 4307 totum
734 4242 902 4305 nobiscum
926 4255 957 4305 et
980 4263 1053 4305 cum
1076 4246 1145 4325 ipsa
1174 4244 1376 4325 philosophia
1405 4247 1550 4330 indigna·

94 4349 196 4412 bundi
218 4360 431 4412 contemnunt
454 4351 695 4431 proiiciuntque‚
719 4368 762 4410 ex
776 4347 863 4409 libris
886 4367 946 4408 nos
969 4348 1057 4427 loqui
1082 4346 1167 4431 (utor
1189 4350 1273 4410 enim
1298 4350 1400 4413 verbis
1424 4348 1549 4432 eorum)

94 4454 285 4517 cavillantes.
321 4452 564 4516 Consueverunt
592 4464 766 4532 praeterea,
795 4471 1007 4533 quoscunque
1036 4451 1151 4515 doctos
1177 4453 1385 4535 eruditosque
1407 4455 1549 4531 viderint,

96 4559 317 4639 cuiuscunque
340 4557 458 4621 ordinis
481 4557 522 4620 illi
545 4557 667 4632 fuerint,
697 4556 792 4619 latine
815 4557 976 4636 sapientes
1003 4558 1203 4620 nominitare.
1237 4555 1326 4619 Vitio
1349 4560 1434 4620 enirn
1458 4560 1551 4622 datur

98 4662 187 4741 apud
202 4662 281 4737 illos,
297 4682 369 4725 esse
386 4662 508 4736 doctos,
531 4681 602 4723 esse
625 4661 776 4730 eruditos,
800 4662 842 4723 ita
865 4672 900 4722 ut
923 4680 1166 4741 saepenumero,
1188 4665 1213 4724 si
1229 4661 1352 4724 lucrum
1374 4666 1550 4744 temporale

93 4765 252 4841 attendas,
273 4766 316 4828 nil
340 4768 487 4831 didicisse
510 4768 549 4828 sit
571 4767 668 4848 longe
691 4767 884 4827 fructuosius
908 4776 939 4826 ct
963 4767 1063 4846 magis
1086 4764 1261 4846 gloriosum
1293 4786 1391 4846 quarn
1414 4768 1550 4832 multum

93 4868 227 4931 inludo
258 4871 396 4933 literario
429 4873 637 4951 promovisse.
675 4869 899 4932 Gratissimum
930 4869 1007 4930 mihi
1038 4870 1102 4942 fuit,
1134 4868 1223 4949 quod
1253 4890 1306 4931 me
1336 4873 1474 4950 primum
1509 4894 1551 4935 ex

96 4974 242 5037 Venetiis
263 4976 370 5037 verbis
393 4978 456 5038 tuis
479 4995 536 5055 per
559 4974 722 5056 quendam
750 4984 970 5048 mercatorem,
998 4972 1115 5035 deinde
1146 4975 1268 5054 scriptis
1296 4995 1353 5056 per
1381 4977 1550 5058 epistolam

93 5078 233 5141 salutare
255 5078 391 5142 voluisti.
416 5079 508 5141 Haec
532 5099 593 5161 ego
621 5098 747 5158 semper
771 5079 901 5139 maximi
930 5078 1048 5140 ducam
1071 5078 1191 5154 abste,
1221 5079 1274 5141 tali
1298 5091 1451 5161 tantoque
1475 5086 1550 5158 viro,

93 5183 185 5263 quod
208 5185 276 5246 sine
301 5183 486 5246 adulatione
509 5183 630 5245 dictum
655 5181 796 5256 velimus,
827 5193 892 5243 tam
917 5185 1048 5243 remotis
1077 5185 1165 5245 terris
1188 5180 1325 5257 salutari,
1353 5205 1372 5244 a
1395 5205 1461 5264 quo
1485 5207 1550 5249 non

92 5287 222 5350 salutari
246 5300 371 5350 tantum
394 5288 451 5350 sed
476 5290 632 5350 nominari
656 5290 751 5349 etiam
776 5306 938 5349 summum
963 5287 1119 5347 honorem
1143 5299 1263 5368 reputo.
1296 5285 1348 5348 Tu
1371 5310 1447 5350 vero
1471 5292 1550 5355 {iaec

1355 5424 1391 5477 3*
