3660 5850
821 390 907 454 148t
1572 399 1589 452 5

139 603 309 683 plurimum
334 605 454 667 salvere
477 607 557 680 iube,
588 617 619 669 et
641 608 809 669 dominum
832 607 972 671 Ulricum
1004 609 1221 691 Fronsperger
1247 629 1321 672 cum
1344 612 1417 672 suis
1452 610 1534 674 Vale
1557 625 1590 677 et

140 727 192 770 me
214 729 295 770 ama.
318 709 369 771 Ex
392 710 568 792 Argentina
591 711 694 773 Nonis
716 710 915 791 Septembris
938 733 1024 775 anno
1050 714 1141 777 1481.

227 813 297 889 Hic,
313 816 367 894 qui
391 814 448 875 has
471 815 575 878 literas
598 837 617 878 a
640 835 692 878 me
716 816 895 879 reddendas
918 819 1009 897 cepit,
1032 822 1059 880 si
1081 817 1245 901 Bononiae
1268 837 1334 880 non
1357 821 1515 896 manserit,
1532 824 1589 886 sed

139 917 316 979 Ferrarium
339 914 409 1000 (sie)
433 921 545 993 veniet,
568 938 656 1000 rog0,
680 921 705 980 si
728 923 857 997 poteris
880 941 963 995 eura,
986 934 1021 984 ut
1044 922 1131 1000 apud
1155 923 1310 984 honestos
1340 926 1463 999 serviat,
1487 927 1530 987 ita
1555 939 1589 988 ut

138 1021 244 1084 studio
267 1042 398 1103 quoque
422 1036 518 1084 vacet.
542 1022 599 1085 Est
621 1026 706 1085 enim
731 1025 804 1085 milri
828 1045 884 1105 per
906 1027 1027 1086 amicos
1049 1028 1203 1107 cognitus
1227 1025 1282 1088 diu
1298 1037 1439 1089 versatus
1463 1030 1493 1089 in
1510 1027 1588 1091 Ger-

138 1128 244 1187 mania
274 1127 418 1202 inferiori,
451 1146 635 1208 quanquam
669 1147 710 1189 ex
742 1131 842 1208 patria
875 1139 983 1190 nostra
1018 1129 1179 1204 oriundus
1213 1131 1384 1206 studiosus,
1420 1143 1453 1194 ut
1483 1152 1587 1212 spero,

139 1232 298 1293 bonarum
321 1229 490 1294 literarum.

224 1418 286 1471 Dne
313 1418 355 1471 28.
383 1419 486 1472 kvetna
513 1419 580 1472 1481
608 1421 680 1488 odjel
708 1421 808 1475 Schott
832 1423 979 1491 zFerrary
1007 1423 1100 1486 domd,
1129 1421 1176 1490 jak
1201 1423 1297 1476 svdddl
1322 1423 1368 1476 list
1390 1423 1457 1491 jeho
1484 1425 1587 1479 letu

138 1504 289 1558 Moelcrovi
307 1507 381 1574 dany'
399 1505 415 1557 7
435 1507 486 1560 kal.
504 1507 601 1576 Junias
620 1508 695 1572 1481,
716 1509 826 1562 vnemi
845 1508 969 1576 ohlas‘uje
998 1526 1044 1562 mu
1069 1509 1146 1562 lrrom
1171 1511 1339 1578 pozdravenl
1365 1511 1400 1563 od
1419 1512 1586 1573 Bohuslava,

138 1590 170 1645 ie
187 1593 286 1661 pozitl‘l
305 1591 403 1660 odjede
416 1594 509 1647 domd.
528 1595 550 1648 Z
563 1595 660 1648 celeho
674 1595 738 1649 listu
749 1595 803 1663 jest
816 1604 922 1664 patruo,
942 1596 973 1648 ie
986 1594 1039 1672 oba
1052 1597 1154 1664 platele
1170 1597 1290 1650 smluvili
1304 1615 1333 1649 se
1347 1596 1412 1664 byli,
1432 1597 1463 1650 ie
1477 1601 1586 1667 vstoupi

138 1695 155 1728 v
168 1685 229 1731 stav
248 1679 370 1747 kneisky'
388 1698 405 1733 a
424 1679 477 1733 aivi
495 1679 589 1735 budou
608 1683 732 1750 pospolu.
758 1682 892 1750 Uvedeny
911 1700 928 1733 v
941 1682 1003 1735 tiste
1023 1687 1122 1751 plevor
1140 1683 1320 1736 dominilranll
1340 1669 1485 1752 liezensky'
1510 1684 1586 1752 jinde

135 1764 258 1832 jmenuje
277 1784 306 1819 se
324 1766 466 1836 Johannes
485 1767 563 1833 Nigri
590 1768 728 1827 Ladislav,
754 1770 823 1821 knez
848 1768 959 1821 diecese
978 1770 1165 1838 Vesprimskd‚
1190 1769 1236 1838 byl
1259 1771 1472 1838 vychovatelem
1492 1772 1585 1825 Bohu-

138 1854 291 1921 slavovy'm.
310 1854 424 1908 oldrich
443 1855 631 1923 Fronsperger
648 1855 861 1924 (Freundsbergl
880 1857 932 1908 stal
952 1874 981 1909 se
1001 1856 1109 1924 pozdeji
1129 1857 1274 1926 biskupem
1295 1858 1506 1927 Tridentslrym.

844 2160 872 2221 3.

565 2296 664 2368 Petr
693 2294 841 2368 Schott
869 2296 1172 2370 Bohuslavovi.

224 2466 272 2533 (Ζο
291 2445 457 2523 ἑίταεὴιιῐΙω
486 2466 543 2522 1481
562 2498 595 2506 -
614 2482 649 2524 ua
673 2467 807 2533 altlonltu).
839 2466 949 2534 Steiuje
974 2467 1006 2531 si,
1035 2467 1066 2520 ie
1092 2467 1174 2519 nema
1199 2484 1216 2518 o
1235 2469 1299 2519 nem
1324 2483 1342 2518 a
1364 2466 1497 2534 smy‘slenl
1518 2465 1584 2532 jeho

137 2551 264 2620 iadnych
283 2554 374 2621 zprav.
405 2555 476 2607 Otec
496 2555 597 2608 Petrdv
615 2555 648 2608 ie
667 2556 682 2607 k
702 2556 892 2608 duchovnlmu
912 2562 991 2608 stavu
1013 2556 1077 2608 take
1101 2554 1220 2620 svoluje;
1245 2555 1288 2606 ale
1307 2554 1407 2606 Schott
1426 2554 1490 2606 nevl
1506 2552 1586 2620 jeste,

137 2639 192 2708 kdy
211 2656 227 2692 a
246 2640 298 2693 lide
316 2658 351 2693 ve
370 2640 491 2693 studiich
511 2641 582 2694 bude
602 2642 676 2695 moci
696 2643 884 2711 poliradovati.
903 2642 1035 2712 Vypisuje
1049 2643 1126 2695 velke
1146 2641 1366 2711 zaneprAzdneni
1386 2649 1487 2693 otcovo
1506 2656 1522 2691 a
1542 2657 1586 2692 na·

136 2726 264 2794 stavajici
288 2727 414 2796 zapletlry
440 2728 563 2780 valedne.
595 2729 751 2796 Napomtna
780 2731 937 2782 bohuslava
963 2729 1108 2798 kpilnosti
1138 2728 1324 2782 azboinosti.
1352 2728 1464 2795 (Schott
1482 2727 1500 2780 l.
1520 2724 1589 2794 tot.)

223 2902 335 2967 Petrus
356 2903 509 2968 Schottus
534 2907 703 2987 magnifico
726 2919 823 2986 atque
846 2926 1004 2988 generoso
1027 2906 1161 2967 domino
1178 2905 1340 2966 Bnhuslao
1357 2905 1397 2966 de
1412 2903 1589 2967 Lobkowic

136 3018 168 3068 et
194 3008 404 3070 Hassenstein
435 3008 591 3083 Bohemo,
623 3010 758 3071 scholari
791 3011 991 3084 Ferrariensi,
1022 3031 1045 3072 s.
1069 3030 1099 3088 p.
1123 3009 1153 3070 d.
1193 3009 1246 3070 Bis
1276 3009 1316 3069 ad
1342 3019 1372 3069 te
1397 3008 1587 3086 iampridem

136 3113 254 3190 scripsi,
278 3111 437 3175 Bohuslae
461 3116 637 3175 carissime:
662 3134 721 3175 nec
738 3114 969 3193 responsionen
993 3117 1101 3195 accepi
1125 3113 1238 3187 ullam;
1262 3114 1407 3192 quamvis
1423 3110 1496 3172 nihil
1514 3111 1589 3172 mihi

136 3226 204 3277 tam
220 3214 399 3291 molestum,
423 3236 520 3297 quam
538 3219 635 3298 quod,
652 3230 687 3280 ut
702 3219 816 3291 valeas,
835 3222 954 3300 ignoro,
979 3231 1010 3280 et
1027 3237 1124 3298 quem
1141 3237 1215 3299 erga
1233 3237 1284 3278 me
1300 3235 1431 3296 remque
1446 3227 1589 3277 nostram

136 3322 278 3381 animum
303 3323 495 3400 conceperis,
520 3322 614 3384 literis
638 3323 784 3384 nondum
809 3322 1010 3384 confirmasti.
1034 3321 1198 3383 Turbatus
1221 3320 1262 3381 ad
1287 3332 1317 3381 te
1341 3320 1446 3381 literas
1468 3322 1590 3399 priores

134 3426 251 3503 scripsi,
283 3435 395 3503 utpote
430 3426 484 3505 qui
518 3429 705 3488 suavissima
738 3428 945 3488 familiaritate
976 3437 1030 3488 tua
1061 3427 1202 3487 seclusus
1234 3424 1320 3485 libris
1351 3442 1481 3503 quoque
1512 3426 1591 3484 meis

134 3528 242 3589 care're
265 3540 397 3590 coactus
412 3531 493 3592 inter
517 3551 607 3593 meos
623 3552 688 3593 non
707 3551 940 3611 usquequaque
963 3532 1065 3593 laetus
1089 3530 1255 3611 degebam,
1279 3529 1320 3589 ita
1345 3538 1379 3588 ut
1403 3547 1468 3589 non
1485 3527 1590 3589 solum

133 3635 187 3707 εἰς,
210 3651 293 3712 quae
311 3653 471 3713 cuperem,
495 3655 560 3697 non
577 3638 702 3715 potirer,
727 3637 784 3697 sed
808 3639 904 3697 etiam
928 3636 1150 3697 molestissima
1175 3632 1327 3695 nonnulla
1350 3630 1486 3692 videnda
1510 3632 1588 3693 tole-

134 3736 299 3817 randaque
322 3750 436 3800 essent.
465 3740 587 3801 Verum
612 3742 857 3822 benignissimus
880 3741 970 3802 Deus
992 3738 1180 3800 clementius
1203 3739 1371 3798 nobiscum
1395 3738 1473 3816 egit:
1498 3737 1588 3796 matri

134 3842 387 3904 incolumitatem
412 3844 560 3919 reddidit,
584 3855 707 3924 patrem
739 3847 846 3906 animo
880 3848 1052 3924 patientem
1081 3846 1182 3924 magis
1213 3861 1283 3903 esse
1306 3839 1413 3911 voluit,
1436 3850 1534 3918 atque
1558 3842 1588 3900 in

133 3963 202 4005 rem
225 3957 368 4008 nostram
392 3967 458 4010 non
482 3949 582 4011 modo
605 3950 763 4012 fautorem
787 3950 844 4011 sed
877 3952 968 4030 quasi
991 3964 1173 4020 suasorem;
1204 3963 1320 4023 nempe
1350 3963 1423 4004 cum
1447 3942 1589 4004 animad-

132 4060 234 4110 vertat
256 4051 301 4110 vir
324 4049 465 4129 plurimis
488 4052 652 4115 laboribus
684 4055 810 4116 iunctus
834 4054 952 4115 nullam
977 4071 1047 4112 esse
1071 4053 1150 4112 inter
1174 4048 1325 4110 mortales
1355 4046 1587 4130 gratitudinem,

131 4172 198 4215 non
227 4165 336 4232 potest
368 4176 433 4217 non
456 4161 638 4220 existimare
670 4160 847 4220 beatiorem
878 4177 948 4219 esse
979 4166 1063 4230 eum,
1094 4157 1148 4235 qui
1178 4173 1270 4233 spem
1302 4171 1393 4213 suam
1425 4153 1455 4210 in
1480 4150 1586 4211 Deum

132 4259 239 4337 potius
262 4259 328 4342 figit
351 4279 448 4340 quam
472 4264 503 4322 in
527 4263 699 4323 hominem.
724 4262 834 4340 ltaque
854 4280 927 4322 cum
944 4262 1131 4321 sententiam
1156 4277 1261 4319 meam
1285 4257 1326 4318 ad
1351 4274 1465 4334 pacem
1480 4254 1586 4315 cordis

130 4362 333 4442 propendere
356 4365 470 4438 videat,
494 4385 558 4426 non
583 4367 687 4427 solum
711 4369 933 4427 auctoritatem
957 4373 1104 4445 praestat,
1132 4363 1307 4424 sedetiam
1333 4359 1449 4421 laudat.
1473 4357 1585 4437 ltaque

130 4470 267 4546 quietior
289 4488 361 4532 sum
384 4471 556 4550 animoque
579 4471 699 4544 laetior,
722 4482 753 4532 et
777 4491 828 4531 me
852 4471 936 4530 libris
961 4472 1047 4543 meis,
1070 4470 1124 4548 qui
1148 4469 1201 4526 vix
1228 4465 1359 4527 tandem
1383 4462 1583 4542 appulerunt,

131 4570 211 4631 dum
244 4591 301 4650 per
331 4574 431 4635 otium
456 4574 535 4649 licet,
559 4575 701 4635 oblecto:
726 4575 881 4653 reliquum
905 4574 968 4633 lere
992 4586 1118 4653 tempus
1148 4574 1229 4649 patri
1253 4572 1416 4648 obsequor
1441 4577 1472 4628 et
1495 4587 1585 4646 prae·

130 4677 234 4737 sentia
264 4695 337 4737 mea
359 4677 430 4756 plus
454 4697 550 4757 quam
574 4679 722 4739 manibus
745 4678 892 4756 opitulor.
921 4677 1142 4756 Quamobrem
1166 4694 1230 4737 non
1256 4675 1378 4745 festino,
1403 4683 1437 4732 ut
1459 4672 1584 4745 abeam,

130 4779 189 4840 sed
202 4781 327 4841 interim
342 4801 430 4860 paro,
443 4782 520 4843 dum
534 4783 613 4844 sorte
631 4784 837 4862 quietioribus
849 4783 1033 4860 parentibus
1050 4783 1128 4840 meis
1141 4780 1284 4841 absentia
1302 4796 1373 4837 mea
1390 4774 1586 4836 tolerabilior

129 4885 169 4943 sit
186 4883 297 4945 sutura
314 4884 358 4959 Id,
368 4905 474 4965 spero,
490 4897 604 4947 exacta
615 4887 720 4948 hieme
736 4886 810 4946 milii
826 4889 995 4967 continget.
1013 4885 1111 4964 Quod
1123 4885 1176 4945 ubi
1193 4886 1350 4959 inceper0,
1363 4880 1475 4940 clarius
1488 4878 1528 4938 ad
1544 4888 1583 4949 te,

129 4986 207 5066 quid
223 4999 254 5050 et
269 4990 438 5067 quomodo
455 5001 484 5050 et
510 4994 563 5052 ubi
586 4991 714 5064 discam,
739 4991 939 5069 perscribam.
963 4990 1013 5050 Tu
1032 4989 1131 5050 modo
1156 4989 1204 5048 sae
1227 4988 1334 5046 animo
1358 4985 1514 5046 constanti
1532 4985 1584 5056 sis,

130 5110 204 5151 nam
217 5094 358 5168 omnino,
375 5097 399 5155 si
413 5093 501 5155 Deus
518 5096 612 5156 nobis
625 5097 722 5156 vitam
734 5096 933 5165 concesserit,
950 5107 980 5153 te
994 5112 1121 5153 mecum
1137 5092 1256 5154 habere
1273 5094 1303 5151 in
1315 5091 1450 5152 summis
1466 5090 1584 5165 optatis

129 5194 267 5255 habebo.
289 5194 321 5258 Si
338 5198 411 5258 nihil
429 5218 481 5259 me
499 5199 540 5259 ad
558 5200 697 5277 quietem
723 5197 906 5269 hortaretur,
930 5199 993 5257 vita
1008 5197 1107 5275 patris
1130 5199 1205 5257 satis
1221 5214 1381 5274 superque
1398 5191 1581 5269 impelleret.

129 5295 219 5377 Opto
243 5310 274 5360 te
289 5318 531 5381 saepenumero,
555 5311 589 5362 ut
612 5320 712 5364 unum
728 5300 841 5362 saltem
864 5299 949 5362 diem
966 5300 1073 5362 videas
1096 5303 1311 5380 importunam
1329 5297 1583 5377 obstrepentium
