3696 5836
900 367 993 429 150⁷.
1625 371 1674 426 171

216 584 330 646 omnia
353 586 386 646 in
409 587 579 664 perniciem
602 583 753 646 ecclesiae
776 584 944 645 Romanae
966 603 1061 667 agere
1084 595 1247 647 conantur.
1276 583 1351 647 Hoc
1374 604 1506 666 quoque
1528 596 1676 667 tempore

209 686 346 768 Graeci,
370 687 460 767 Syrii,
483 687 622 763 Armeni,
647 687 773 767 Hyberi
788 700 820 750 et
835 688 986 769 quicquid
1009 708 1118 751 earum
1141 692 1283 771 gentium
1300 699 1356 764 est,
1379 688 1475 772 longe
1490 690 1566 752 mihi
1583 694 1676 754 miso

203 794 316 853 n'ores
332 791 486 866 videntur,
509 791 596 873 quod
620 792 896 872 superstitionibus
913 811 1012 873 quam
1035 793 1125 875 quod
1149 794 1292 856 barbaris
1308 795 1455 856 serviunt.
1479 793 1597 875 Neque
1613 815 1675 878 ego

201 898 402 977 negaverim
425 895 604 958 Germanos
627 895 794 958 solidiores
817 899 1113 976 constantioresque
1139 898 1170 958 in
1196 897 1346 979 religione
1368 916 1449 970 esse,
1481 900 1676 980 minimeque

200 1019 294 1061 cum
322 987 448 1062 Graeca
476 1000 601 1062 levitate
632 998 851 1062 conferendos.
887 998 1057 1063 Caeterum
1084 1003 1109 1061 si
1138 1000 1320 1063 effeminata
1348 1000 1427 1063 baec
1454 1020 1540 1084 gens,
1572 1014 1612 1077 et,
1641 1015 1676 1066 ut

196 1104 266 1166 ille
291 1105 441 1185 loquitur,
467 1104 575 1188 lingua
597 1106 699 1187 magis
722 1122 819 1183 quam
843 1124 940 1167 manu
963 1115 1123 1185 prompta,
1150 1114 1258 1168 tantos
1280 1116 1389 1167 motus
1414 1105 1497 1168 laesa
1521 1110 1676 1179 excitavit,

196 1207 296 1289 quid
324 1207 463 1270 facturos
489 1227 602 1270 censes
630 1219 759 1270 nostros
787 1208 943 1288 homines,
978 1212 1004 1271 si
1032 1221 1097 1271 tam
1131 1211 1245 1292 insigni
1272 1209 1466 1272 contumelia
1496 1214 1676 1290 exasperati

193 1311 342 1389 suerint,
366 1314 420 1394 qui
443 1321 475 1373 et
498 1321 612 1375 natura
634 1311 757 1375 seroces
780 1325 908 1376 suntet
932 1317 980 1375 ius
1003 1332 1098 1376 suum
1120 1315 1217 1376 armis
1240 1316 1341 1395 magis
1365 1332 1463 1394 quam
1477 1316 1584 1378 verbis
1607 1336 1676 1395 per·

196 1420 310 1498 sequi
334 1416 584 1480 consueverunt?
618 1416 709 1478 Nam·
726 1427 757 1478 et
781 1420 939 1497 principes
968 1421 1066 1481 nostri
1095 1420 1312 1498 turpissimum
1342 1419 1502 1498 putabunt
1533 1419 1676 1502 dignitati

202 1542 298 1586 suae
314 1521 437 1595 deesse,
459 1533 491 1583 et
514 1521 613 1583 decus
636 1520 699 1582 hoc
714 1541 780 1583 non
804 1522 909 1584 solum
933 1523 1077 1601 periculis
1093 1533 1123 1584 et
1139 1521 1303 1584 laboribus
1326 1522 1498 1585 sedetiam
1521 1525 1675 1607 sanguine

201 1631 379 1690 maiorum
401 1637 528 1707 partum
554 1646 612 1705 per
634 1628 790 1708 ignaviam
815 1629 966 1701 amittere,
1001 1638 1032 1688 et
1060 1627 1109 1701 illi,
1139 1629 1193 1707 qui
1223 1626 1375 1688 sublimes
1402 1625 1520 1708 gradus
1548 1647 1605 1707 per
1628 1629 1675 1691 las

201 1743 246 1794 et
272 1730 364 1793 nelas
386 1731 540 1805 ambiunt,
563 1731 735 1792 abutentur
758 1731 818 1793 hae
841 1742 1023 1811 temporum
1046 1733 1195 1804 novitate,
1219 1731 1495 1812 lrortabunturque
1511 1751 1675 1795 summum

206 1834 412 1916 pontificem,
438 1855 478 1896 ne
501 1837 725 1898 auctoritatem
748 1832 994 1897 ecclesiasticam
1018 1836 1167 1897 vilescere
1190 1838 1335 1913 patiatur,
1368 1836 1496 1897 sedvel
1520 1856 1577 1916 per
1599 1857 1674 1898 exe-

208 1943 378 2003 crationes
393 1959 439 2013 ea,
463 1959 546 2020 quae
562 1941 676 2018 coepit,
700 1939 857 2002 conficiat.
882 1940 927 2001 lta
943 1939 985 2013 fit,
1010 1952 1044 2002 ut
1060 1940 1231 2010 calamitas,
1256 1959 1353 2019 quam
1369 1943 1469 2019 patria
1485 1941 1673 2003 iamdudum

212 2064 316 2125 passa
339 2055 396 2115 est,
423 2047 454 2105 in
477 2046 655 2123 praesentia
680 2045 737 2106 toti
760 2044 952 2105 Germaniae
976 2045 1138 2105 imminere
1162 2043 1312 2105 videatur.
1336 2043 1463 2123 Quodsi
1489 2064 1574 2106 nunc
1601 2045 1673 2107 Pius

216 2150 424 2222 revivisceret,
447 2148 497 2209 ille
513 2150 643 2228 inquam
666 2147 747 2221 Pius,
771 2149 930 2209 bonorum
955 2147 1142 2226 pontificum
1167 2146 1303 2220 ultimus
1326 2167 1392 2228 quo
1409 2148 1539 2209 tandem
1563 2152 1672 2211 animo

218 2252 312 2315 ferret
335 2255 455 2314 nationi
478 2273 497 2313 a
519 2271 554 2313 se
578 2251 724 2315 laudatae
753 2254 873 2331 passim
903 2263 934 2313 et
965 2253 1056 2312 unice
1087 2252 1192 2313 cultae
1220 2263 1317 2330 atque
1347 2263 1473 2314 amatae
1499 2253 1581 2315 hanc
1605 2274 1672 2316 ma-

220 2358 325 2420 culam
347 2379 366 2419 a
388 2376 571 2418 successore
593 2356 691 2418 inuri?
723 2356 868 2419 Graviter
896 2357 1096 2435 patiebamur
1126 2375 1227 2435 nuper
1254 2375 1384 2418 omnem
1415 2356 1538 2419 ltaliam
1567 2361 1674 2437 ponti·

220 2462 283 2524 ficis
306 2460 484 2524 Alexandri
506 2463 601 2523 armis
624 2472 773 2540 strepere,
797 2462 1073 2540 sperabamusque
1096 2480 1135 2522 eo
1159 2463 1302 2522 extincto
1326 2463 1434 2522 omnia
1457 2462 1673 2542 tranquilliora

222 2568 439 2647 quietioraque
461 2565 544 2627 sore:
567 2574 600 2626 at
622 2564 719 2627 lulius
741 2575 850 2626 noster
873 2585 937 2627 non
960 2565 1065 2628 solum
1089 2585 1175 2627 novo
1199 2565 1284 2626 bello
1307 2565 1429 2628 ltaliam
1443 2568 1591 2646 implevit,
1614 2568 1671 2629 sed

223 2672 316 2733 etiam
339 2668 476 2733 Galliam
499 2669 771 2749 Germaniamque
794 2671 994 2731 committere
1010 2680 1119 2732 tentat.
1143 2669 1299 2732 Fortassis
1323 2671 1419 2731 etiam
1441 2669 1515 2731 ideo
1532 2673 1593 2732 sibi
1609 2670 1671 2734 hoc

222 2793 340 2837 nomen
362 2777 394 2836 in
417 2772 604 2852 pontificatu
628 2775 806 2852 assumpsit,
830 2776 984 2853 quoniam
1008 2773 1128 2835 mavult
1151 2774 1280 2835 bellicas
1303 2773 1414 2836 laudes
1438 2774 1502 2837 lulii
1526 2772 1671 2837 Caesaris

222 2899 319 2961 quam
341 2879 422 2940 Petri
445 2878 654 2940 humilitatem
678 2880 798 2938 imitari.
824 2878 913 2939 llaec
936 2878 977 2939 ad
1000 2890 1032 2941 te
1055 2897 1121 2939 non
1145 2880 1210 2940 sine
1233 2879 1403 2941 stomacho
1425 2881 1544 2942 scribo:
1572 2891 1605 2941 tu
1628 2879 1672 2941 sa·

222 2987 283 3047 cito
307 2986 384 3046 boni
407 2983 554 3044 consulas
577 2994 608 3044 et
631 2982 705 3042 mibi
729 2983 891 3056 rescribas
918 2982 994 3063 quid
1018 2983 1111 3043 nobis
1138 2982 1333 3061 sperandum
1357 2983 1600 3065 timendumque
1622 2986 1670 3047 sit.

223 3088 312 3164 Vale,
335 3090 378 3150 mi
401 3086 592 3149 Rernlrarde.
615 3086 667 3148 Ex
691 3087 912 3164 Hassensteyn
939 3088 985 3149 lt.
1011 3087 1099 3148 lunii.

307 3276 370 3329 List
386 3282 465 3329 tento
482 3292 532 3343 pro
550 3275 668 3343 poznani
691 3273 859 3342 p'olitickeho
883 3274 1015 3343 smysleni
1035 3275 1229 3327 bohuslavova
1250 3272 1305 3342 jest
1323 3274 1405 3328 velmi
1425 3276 1590 3345 vy'znamny'.
1619 3276 1673 3346 Vy·

222 3363 379 3426 chevenim,
397 3361 553 3415 vzdelanlm
572 3379 589 3413 v
608 3361 781 3429 neplatelske
800 3347 924 3413 (lechum
944 3361 1041 3426 enine,
1060 3361 1190 3431 planouci
1210 3361 1353 3416 horlivostl
1372 3364 1536 3416 orthodoxnl
1553 3382 1570 3417 a
1589 3365 1672 3416 nena-

221 3450 285 3503 vistl
309 3449 492 3519 separatismu
520 3448 718 3511 kalisnickehq
743 3448 868 3501 lronetne
896 3448 1073 3517 platelsky'mi
1101 3450 1184 3518 styky
1208 3467 1221 3501 s
1246 3450 1389 3518 mnohymi
1418 3449 1543 3503 osobami
1568 3451 1672 3504 naroda

221 3538 394 3592 nemeckeho
412 3537 483 3591 stalo
501 3554 540 3599 se,
559 3536 590 3589 ie
610 3535 655 3588 ani
674 3536 804 3603 vy'tednilr
824 3536 873 3587 nas
892 3534 990 3604 nezbyl
1009 3534 1133 3588 beineho
1153 3537 1255 3590 ntzoru
1274 3536 1348 3605 doby
1367 3538 1415 3589 sve
1434 3555 1450 3589 o
1470 3537 1594 3590 nutnosti
1614 3538 1671 3590 uni·

221 3625 340 3679 versalnl
359 3623 520 3677 monarchie
538 3623 795 3684 l‘imskonemeclre,
812 3621 876 3690 jeju
895 3623 1023 3689 podstata
1040 3623 1131 3675 davno
1148 3622 1212 3691 byla
1225 3624 1302 3676 vzala
1320 3640 1353 3676 za
1371 3625 1428 3687 sve,
1448 3640 1465 3676 a
1481 3623 1583 3691 jejlhoi
1596 3625 1671 3693 pled-

220 3712 348 3766 stavitele
367 3712 455 3765 clsale
474 3712 533 3764 sam
553 3711 650 3779 ritrpne
670 3709 678 3762 i
697 3712 844 3778 posmesne
863 3710 979 3777 nazpval
998 3709 1107 3776 »magni
1126 3710 1248 3763 nominis
1267 3710 1389 3764 umbra«.
1408 3712 1451 3764 To
1469 3710 1533 3779 byla
1552 3728 1598 3764 mu
1617 3728 1671 3764 ona

220 3799 376 3868 respublica
394 3799 546 3852 christiana
563 3816 580 3848 v
593 3798 681 3851 ulilm
701 3799 815 3865 smyslu,
831 3814 863 3850 za
879 3796 943 3864 jeju
961 3796 1096 3865 provincii
1116 3798 1267 3865 povaloval
1286 3816 1319 3850 ve
1339 3799 1444 3866 smyslu
1462 3799 1549 3866 svy'ch
1569 3806 1671 3852 vrstev·

220 3887 287 3939 nitu
306 3886 455 3938 kralovstvl
474 3885 564 3949 deslrd,
582 3903 599 3938 a
615 3883 946 3958 jejimllplislusenstvim
966 3885 1072 3952 druhdy
1092 3885 1151 3937 sirm
1171 3902 1200 3937 se
1219 3886 1365 3938 honosival
1384 3885 1439 3953 (viz
1458 3885 1503 3938 list
1523 3885 1590 3953 145).
1620 3886 1671 3938 Ne·

219 3970 300 4028 tieba
316 3973 363 4025 ani
382 3971 566 4041 plipominati‚
586 3972 617 4024 le
636 3970 778 4039 republiky
797 3971 823 4022 te
844 3971 944 4024 hlavou
964 3972 1119 4025 skuteenou
1137 3970 1183 4039 byl
1203 3989 1249 4024 mu
1268 3972 1372 4040 llmsky'
1391 3971 1485 4040 papei.

915 4272 985 4336 141.

516 4409 734 4486 Bohuslav
762 4410 1002 4507 Augustinu
1031 4406 1381 4484 Olomoucke'mu.

308 4594 496 4657 Zflaslsslelna
514 4601 607 4668 (1501)
619 4631 649 4638 -
661 4601 695 4656 15.
709 4599 817 4658 betuna.
836 4598 945 4667 Steluje
963 4599 986 4652 si
1004 4617 1040 4653 na
1059 4600 1191 4652 utrhalne
1210 4600 1341 4667 pomluvy
1357 4599 1429 4667 pand
1442 4597 1670 4668 Loblrovielry¹ch,

217 4686 286 4755 jiml
305 4687 361 4741 kral
380 4687 501 4756 dopldva
520 4688 626 4750 sluchu,
646 4686 653 4739 i
673 4688 755 4755 prosi,
775 4686 829 4756 aby
848 4704 877 4739 se
894 4686 951 4753 jich
971 4686 1033 4754 ujal.
1053 4688 1131 4754 (Luc.
1151 4685 1208 4749 lus,
1228 4686 1378 4754 Vinaliclry
1398 4685 1467 4753 101.)

308 4863 451 4926 Domino
475 4862 656 4946 Augustino
681 4863 816 4925 llloravo
840 4864 880 4926 de
904 4863 1055 4926 Olomutz
1078 4884 1101 4925 s.
1118 4882 1147 4941 p.
1165 4863 1194 4923 d.
1218 4861 1320 4925 Multa
1342 4876 1423 4938 sunt,
1448 4882 1531 4944 quae
1547 4874 1578 4924 te
1594 4865 1672 4925 scire

219 4966 324 5040 velim,
351 4970 472 5047 optime
495 4966 681 5050 Augustine,
712 4967 769 5029 sed
801 4988 839 5028 ea
862 4968 957 5030 literis
980 4968 1148 5048 complecti
1178 4966 1303 5029 difficile
1332 4977 1432 5042 esset;
1463 4970 1569 5047 itaque
1596 4967 1672 5029 dedi

220 5073 403 5147 FranciscO,
427 5073 564 5135 familiari
589 5093 670 5146 me0,
695 5075 724 5133 in
742 5073 908 5147 mandatis
932 5085 966 5134 ut
982 5074 1038 5133 tibi
1055 5075 1162 5132 omnia
1178 5092 1286 5133 coram
1303 5071 1422 5134 referat.
1447 5072 1566 5133 Duram
1587 5074 1671 5133 enim

220 5188 319 5257 atque
334 5176 511 5239 admodum
528 5177 683 5239 difficilem
701 5179 894 5258 provinciam
911 5180 1111 5251 sustinemus,
1132 5180 1155 5236 si
1173 5181 1275 5257 regiae
1291 5197 1382 5237 aures
1402 5176 1485 5236 adeo
1501 5176 1671 5237 calumnia-

219 5281 345 5344 toribus
367 5284 481 5343 nostris
503 5293 621 5362 patent,
645 5293 678 5344 ut
702 5283 787 5360 prius
803 5282 985 5355 iudicemur,
1009 5300 1107 5360 quam
1123 5282 1297 5342 audiamur.
1322 5281 1356 5341 ld
1373 5283 1457 5341 enim
1482 5300 1546 5340 non
1565 5281 1671 5343 solum
