3660 5850
192 366 242 422 172
869 364 961 427 150⁷.

191 593 317 663 praeter
340 585 388 644 ius
411 582 454 657 fit,
471 583 528 644 sed
551 583 647 644 etiam
664 585 767 666 regios
790 601 897 645 mores
912 582 1244 663 consuetudinemque
1258 581 1415 644 hactenus
1434 583 1653 645 observatam.

191 686 284 748 lllulti
307 686 452 766 quotidie
475 706 525 748 res
548 705 648 748 novas
672 686 852 761 moliuntur,
886 687 1135 766 perniciosarum
1166 685 1361 748 seditionum
1392 697 1544 749 auctores
1567 697 1652 760 sunt,

192 809 298 871 neque
319 793 437 871 patrias
461 791 547 872 leges
571 793 742 871 quicquam
766 793 855 869 pensi
878 790 1006 864 habent,
1030 789 1061 851 hi
1084 802 1193 852 tamen
1216 801 1249 852 et
1271 791 1389 870 opibus
1411 803 1444 852 et
1459 793 1653 852 auctoritate

193 893 324 955 florent:
355 913 423 967 nos,
454 896 508 973 qui
531 893 648 975 Regiae
673 894 847 956 Maiestatis
877 904 984 972 partes
1014 893 1056 954 ab
1085 895 1173 956 initio
1205 894 1318 955 sectati
1345 913 1467 968 sumus,
1499 913 1562 975 pro
1586 897 1655 956 eius

192 998 345 1079 dignitate
368 997 500 1059 tutanda
524 998 608 1059 mille
629 1018 690 1061 nos
714 998 858 1077 periculis
882 998 1067 1072 obiecimus,
1091 997 1249 1060 nullarum
1271 1000 1540 1072 coniurationum,
1568 1017 1656 1078 quae

194 1101 236 1164 ad
258 1102 463 1164 evertendum
487 1100 678 1181 reipublicae
701 1113 819 1164 statum
836 1100 924 1178 fiunt,
948 1122 1013 1164 non
1037 1102 1139 1164 modo
1161 1113 1319 1176 auctores,
1342 1102 1400 1164 sed
1423 1123 1465 1164 ne
1481 1104 1656 1182 participes

194 1205 325 1286 quidem
348 1206 472 1280 luimus,
496 1205 580 1267 hunc
604 1205 780 1267 modestiae
803 1208 1005 1267 innocentiae
1029 1205 1167 1285 fideique
1189 1217 1320 1269 nostrae
1343 1207 1482 1269 sructrnn
1499 1209 1658 1287 capimus,

195 1321 230 1372 ut
253 1310 414 1371 levissimo
436 1312 551 1388 cuique
581 1329 641 1372 nos
669 1308 821 1371 delerenti
844 1310 998 1371 credatur.
1038 1309 1138 1385 Haec,
1170 1329 1254 1392 quae
1284 1330 1345 1394 ego
1368 1311 1410 1372 ad
1437 1321 1470 1372 te
1495 1330 1564 1373 non
1588 1312 1659 1372 sine

195 1415 362 1475 stomacho
386 1415 498 1487 scribo,
529 1433 571 1474 cx
602 1413 772 1476 Francisco
801 1418 940 1494 apertius
970 1433 1156 1496 cognosces
1189 1413 1298 1478 Tuum
1328 1417 1387 1477 erit
1409 1435 1533 1489 curare,
1562 1428 1598 1477 ut
1625 1418 1658 1477 in

196 1529 283 1580 tauta
309 1520 453 1579 omnium
483 1518 608 1579 licentia
638 1519 731 1579 nobis
762 1538 894 1598 quoque
924 1520 1088 1580 communi
1119 1521 1186 1581 iure
1215 1520 1320 1580 vivere
1350 1529 1382 1580 et
1411 1518 1564 1580 libertate
1597 1519 1658 1581 srui

196 1622 296 1685 liceat.
321 1621 437 1701 Neque
460 1625 544 1682 enim
560 1623 714 1684 hactenus
736 1634 791 1684 aut
815 1626 857 1684 ita
881 1625 1025 1696 viximus,
1049 1634 1083 1684 ut
1100 1622 1185 1697 odio,
1209 1632 1264 1685 aut
1287 1643 1327 1685 eo
1348 1622 1512 1686 alortuna
1535 1624 1668 1687 redacti

197 1746 316 1801 sumus,
340 1739 374 1789 ut
397 1738 585 1805 contemptu
609 1727 695 1808 digni
718 1726 815 1788 videri
839 1729 1007 1808 possimus,
1030 1724 1140 1789 Addet
1163 1726 1354 1790 Franciscus
1378 1727 1477 1791 etiam
1501 1728 1676 1808 pleraque

197 1831 264 1905 alia,
292 1851 374 1911 quae
398 1843 432 1893 ut
454 1832 485 1891 in
508 1833 650 1892 animum
674 1830 824 1894 admittas
847 1842 878 1893 et
901 1834 944 1892 ita
967 1851 1066 1904 cures
1097 1843 1130 1893 ut
1154 1842 1264 1894 nostra
1288 1842 1400 1894 mutua
1428 1832 1693 1895 benevolentia.

198 1935 347 2014 postulat,
370 1954 490 2014 precor.
514 1934 604 1996 Vale.
627 1935 678 1996 Ex
703 1935 924 2013 llassensteyn
950 1935 997 1999 15.
1019 1935 1110 2016 Junii.

284 2139 381 2192 Aetoli
406 2157 423 2190 v
441 2139 505 2192 listu
523 2138 678 2207 pomluvadi
703 2139 777 2207 pinu
801 2137 977 2191 zLoblrovic
1002 2156 1020 2191 u
1043 2139 1117 2192 krile
1143 2138 1239 2207 nejsou
1261 2139 1423 2207 jmenovfini
1441 2141 1592 2209 vy'slovne,
1612 2158 1809 2194 nes.

200 2226 278 2280 mule
296 2225 354 2294 by'ti
373 2224 565 2294 pochybnosti,
585 2224 616 2277 ie
639 2224 713 2291 zdroj
738 2224 905 2278 denunciael
924 2225 1055 2294 vyplynul
1080 2243 1112 2279 ze
1137 2243 1229 2295 sporu,
1248 2227 1326 2295 ktery'
1345 2227 1430 2296 prave
1453 2229 1570 2282 tenkralt
1592 2229 1761 2287 1ηέΙί
1770 2238 1814 2292 4'1

198 2313 262 2380 pani
281 2313 400 2365 zumedtl
418 2314 572 2380 smeltany
591 2311 780 2380 Kadanstymi
800 2329 816 2364 o
834 2313 919 2379 prava
937 2313 1094 2366 stavovslul.
1113 2314 1206 2366 Odtud
1224 2315 1345 2384 vyply'va
1362 2317 1431 2367 nale
1443 2315 1564 2368 vrodeni
1583 2315 1669 2369 listu.
1744 2343 1820 2379 ε,

200 2399 387 2453 Dorucitelem
410 2399 476 2467 jeho
499 2398 545 2470 byl
569 2399 711 2452 slulebnllr
730 2400 908 2452 Bohuslavltv
932 2401 1076 2454 Frantisek
1097 2400 1260 2466 Schneittel,
1279 2401 1388 2455 tenkrdt
1412 2401 1550 2456 trandidit
1575 2410 1823 2463 stamar

200 2487 366 2541 kneiskeho.

896 2770 965 2833 142.

539 2926 758 3000 Bohuslav
786 2924 1022 3021 Kasparovi
1050 2948 1073 2998 z
1097 2924 1315 3000 Tachova.

288 3111 481 3171 leavldlelna
499 3114 591 3180 (tout)
611 3144 642 3152 -
663 3113 698 3169 lli.
718 3112 825 3171 denna.
853 3113 990 3182 Plipousti
1009 3115 1121 3169 omluvu
1142 3112 1216 3182 jobo,
1236 3113 1267 3168 le
1289 3112 1333 3182 jsa
1355 3113 1523 3168 zambstndm
1542 3109 1743 3168 nemo-
1763 3125 1802 3155 ⁴

203 3220 250 3257 mu
268 3220 303 3271 po
322 3202 496 3255 Frantisliovi
515 3202 615 3271 poslati
634 3201 687 3255 list.
707 3203 787 3268 (Luc.
807 3200 876 3268 139.)

288 3378 430 3441 Domino
446 3379 589 3458 Casparo
606 3378 647 3440 de
663 3377 825 3441 Tachovia
848 3381 963 3441 artium
987 3381 1139 3461 magistro
1155 3388 1186 3439 et
1202 3377 1367 3460 Pragensis
1390 3377 1547 3440 ecclesiae
1563 3398 1779 3442 canc*
1793 3387 1824 3429 0·

203 3486 274 3545 nico
297 3504 321 3544 s.
345 3503 373 3562 p.
398 3484 426 3544 d.
450 3483 566 3546 Scribis
589 3495 620 3545 te
642 3483 855 3556 Franciscum‚
878 3482 1063 3543 familiarem
1086 3501 1203 3557 meum,
1227 3481 1301 3544 idco
1324 3483 1391 3544 sine
1413 3482 1513 3545 literis
1536 3485 1601 3545 tuis
1620 3471 1822 3544 Εᾶ

204 3608 256 3650 me
278 3590 440 3661 remisisse,
465 3586 553 3667 quod
577 3600 754 3667 occupatus
776 3606 853 3648 eras.
877 3585 1026 3648 Admitto
1050 3586 1081 3649 id
1097 3586 1240 3660 libenter,
1264 3605 1368 3666 neque
1391 3587 1538 3665 oportuit
1554 3587 1820 3649 huius-:se

203 3692 292 3754 modi
315 3694 522 3754 excusatione
545 3690 632 3771 apud
656 3710 708 3752 me
731 3693 784 3765 uti,
808 3692 861 3771 qui
885 3691 960 3752 nihil
976 3690 1017 3752 de
1033 3692 1141 3751 anneis
1162 3700 1285 3753 temere
1306 3690 1461 3770 suspicari
1477 3689 1581 3765 soleo,
1603 3681 1815 3752 sad

204 3808 238 3859 ut
260 3786 374 3858 eorum
396 3795 492 3857 literis
515 3794 665 3870 delector,
697 3798 739 3857 ira
772 3795 949 3857 tacentibus
972 3794 1061 3856 facile
1091 3797 1224 3876 ignosco
1255 3797 1427 3874 omniaque
1453 3796 1486 3855 in
1511 3793 1627 3857 dextra
1649 3806 1812 3854 ,an-m

203 3911 327 3980 partem
351 3901 547 3978 interpretor.
572 3899 657 3961 Nam
680 3912 712 3961 ct
735 3899 811 3960 mihi
834 3918 1068 3979 saepenumero
1091 3897 1213 3974 accidit,
1236 3910 1271 3962 ut
1294 3918 1361 3960 non
1383 3917 1514 3978 semper
1529 3901 1812 3983 exige-en·

204 4006 288 4066 tibus
318 4025 337 4064 a
367 4023 418 4065 me
448 4003 552 4066 literas
586 4003 764 4066 satisfacere
795 4005 930 4081 possim;
964 4004 1050 4065 unde
1084 4003 1126 4077 fit,
1158 4015 1191 4065 ut
1221 4005 1355 4077 veniam,
1386 4021 1485 4082 quam
1519 4004 1565 4066 ab
1595 3999 1810 4066 at-iis

204 4110 340 4187 requiro,
374 4111 441 4187 ipse
476 4127 606 4189 quoque
641 4119 789 4187 prompte
823 4109 989 4186 impartiar.
1035 4106 1141 4170 Tuum
1180 4118 1288 4169 autem
1324 4116 1373 4169 est
1405 4125 1459 4168 me
1493 4108 1597 4170 semel
1781 4102 1810 4162 in

205 4214 372 4274 amicitiani
397 4212 571 4273 admissum
594 4224 776 4275 constanter
806 4231 921 4285 amare,
953 4223 984 4273 et
1007 4213 1071 4272 sive
1095 4213 1166 4290 pica
1195 4212 1261 4272 sive
1282 4230 1358 4272 rana
1387 4208 1535 4291 Seriphia
1559 4211 1811 4274 facetus

205 4317 303 4390 luero,
327 4317 403 4377 boni
427 4316 592 4379 consulere
621 4327 799 4396 putareqnc
830 4336 882 4377 me
906 4336 980 4377 eunt
1011 4335 1089 4389 esse,
1120 4318 1173 4395 qui
1196 4326 1227 4376 te
1250 4335 1293 4376 ex
1318 4316 1425 4376 animo
1448 4324 1481 4376 et
1503 4313 1607 4396 diligit
1782 4317 1811 4367 et

205 4422 362 4483 observat.
393 4420 478 4481 Nam
501 4420 590 4499 quod
614 4420 674 4482 dici
698 4420 780 4482 solet
802 4420 900 4503 longo
923 4420 1047 4481 silentio
1076 4421 1228 4481 amicitias
1250 4418 1359 4491 dirimi,
1389 4418 1421 4480 id
1444 4422 1551 4502 magis
1573 4408 1811 4499 apa—*ud

205 4525 317 4606 vulgus
340 4526 584 4604 imperitumque
608 4526 841 4587 multitudinem
858 4544 955 4603 quam
972 4524 1059 4605 apud
1082 4544 1147 4596 eos,
1170 4526 1224 4604 qui
1240 4524 1303 4585 vim
1317 4523 1488 4605 legemque
1503 4525 1611 4587 amicit
1728 4515 1813 4573 --ῑὸθ

206 4639 433 4710 cognoverunt,
457 4629 563 4690 locum
587 4629 693 4690 habet.
718 4629 807 4690 Vale.
832 4629 935 4690 llatae
959 4629 1220 4706 llasscnstcynae
1246 4627 1293 4692 15.
1312 4628 1405 4710 Junii.

293 4816 413 4869 Vrocenl
431 4815 677 4884 bezvy'znanrneho
695 4815 760 4869 listu
779 4817 876 4868 tohoto
895 4815 990 4868 ueinili
1013 4815 1085 4883 jsme
1108 4814 1154 4882 jen
1174 4833 1210 4869 na
1227 4816 1341 4870 zallade
1359 4815 1484 4884 poladku
1502 4833 1538 4870 ve
1557 4815 1716 4886 vyar-
1743 4801 1801 4854 24⁸¹

208 4902 343 4955 Mitisove.
361 4903 441 4955 Tolik
457 4902 512 4969 jest
527 4902 601 4970 jisto,
616 4904 646 4956 le
666 4902 754 4956 natet(
772 4904 808 4955 do
827 4903 864 4955 let
883 4920 918 4970 po
937 4920 957 4955 r.
973 4902 1046 4965 totta,
1062 4903 1116 4971 tdy
1130 4903 1273 4956 Frantilelt
1293 4901 1447 4957 Schneittel
1468 4903 1714 4957 sluiebnttc·
1747 4908 1789 4945 ⁰¹²²

207 4990 431 5057 Bohuslavovim
451 5007 480 5042 se
500 4990 560 5042 stal.
