3660 5850
266 366 319 422 md

267 582 394 657 facilius
418 583 526 662 inquit,
549 592 598 644 est
621 582 724 644 verbis
747 600 844 661 quam
869 584 1021 664 operibus
1043 581 1268 663 philosophari,
1294 594 1327 644 et
1350 601 1452 663 quum
1475 582 1584 665 viginti
1607 582 1723 643 annuis

267 688 371 749 aureis
393 697 563 749 contentus
586 695 634 748 tot
656 686 818 766 praeclara
839 686 965 767 loquor,
988 699 1031 763 ut,
1054 707 1139 768 quae
1160 688 1330 767 praecipio,
1353 689 1450 749 etiam
1473 686 1597 760 faciam,
1624 685 1724 764 tn'pli·

267 802 338 853 cata
361 790 508 852 mercede
530 790 646 852 adduci
669 809 734 852 non
758 809 897 869 possem.
922 789 1048 871 Quodsi
1070 793 1166 853 iocari
1189 789 1259 853 licet
1282 793 1463 871 paterisque
1487 810 1539 852 me
1562 790 1723 863 homines,

266 907 302 957 ut
325 907 360 958 tu
382 897 436 967 vis,
459 905 621 968 nocentes,
644 914 727 974 quos
749 895 924 976 aliquando
947 894 1135 957 familiariter
1157 897 1269 970 amavi,
1297 894 1476 968 defendere,
1499 895 1590 975 quod
1613 913 1723 975 neque

268 1000 416 1061 Panetius
439 1019 544 1079 neque
560 998 602 1060 M.
618 999 740 1061 Tullius
759 1001 948 1079 improbant,
971 998 1046 1060 nihil
1069 998 1198 1062 forsitan
1217 998 1448 1078 poenitendum
1471 1011 1619 1081 egerunt:
1642 1017 1721 1059 nam

267 1123 341 1166 cum
365 1102 483 1165 multos
510 1105 621 1165 imitati
650 1114 733 1178 sunt,
764 1106 817 1185 qui
848 1103 924 1165 nulli
953 1101 1076 1164 mulieri
1105 1102 1244 1185 legitime
1273 1105 1422 1185 coniungi
1451 1102 1627 1176 voluerunt,
1661 1104 1722 1163 nisi

267 1212 334 1270 eius
365 1207 612 1269 foecunditatem
643 1209 729 1288 prius
751 1210 980 1287 experirentur,
1011 1217 1080 1269 tum
1102 1206 1309 1269 Guilhemum
1338 1204 1500 1270 Saxoniae
1531 1209 1721 1288 principem,

267 1315 321 1393 qui
345 1311 491 1390 puellam,
514 1313 565 1373 cui
587 1323 776 1386 assueverat,
803 1313 857 1373 vix
880 1312 1081 1374 conclamato
1104 1310 1212 1373 funere
1235 1313 1352 1387 uxoris,
1383 1323 1509 1391 patrum
1533 1323 1722 1374 nostrorum

269 1419 431 1488 memoria,
454 1417 513 1476 sibi
537 1417 740 1479 matrimonio
764 1416 939 1496 copulavit;
969 1427 1001 1477 et
1024 1434 1066 1476 ne
1089 1434 1141 1476 me
1164 1425 1259 1494 putes
1281 1426 1388 1478 tecum
1410 1434 1525 1494 parum
1547 1415 1723 1477 christiane

268 1540 371 1604 agere,
394 1519 579 1581 Alexander
594 1519 739 1599 pontifex
756 1519 923 1581 Romanus
945 1521 1012 1581 eius
1030 1522 1168 1581 nominis
1190 1520 1314 1581 tertius:
1344 1521 1441 1580 »inter
1456 1538 1587 1598 opera«,
1610 1520 1723 1600 inquit,

273 1625 451 1686 »charitatis
481 1642 546 1685 non
569 1625 736 1684 minimum
765 1633 815 1685 est
841 1634 999 1685 errantem
1029 1625 1071 1685 ab
1098 1626 1213 1686 erroris
1243 1625 1292 1685 sui
1315 1626 1428 1684 semita
1452 1642 1637 1700 revocare«,
1665 1622 1723 1684 ad-

268 1730 366 1810 iungit
390 1728 521 1790 deinde:
549 1726 750 1802 »Statuimus
773 1737 809 1788 ut
825 1727 984 1801 omnibus,
1007 1730 1062 1808 qui
1076 1728 1221 1807 publicas
1236 1727 1385 1789 mulieres
1398 1727 1440 1789 de
1455 1728 1597 1808 lupanari
1613 1739 1724 1790 extra-

268 1835 371 1893 xerint
393 1842 424 1893 et
448 1831 598 1893 duxerint
620 1833 651 1891 in
675 1850 801 1904 uxores,
835 1830 867 1892 id
897 1830 987 1911 quod
1010 1843 1118 1913 agunt,
1151 1833 1183 1892 in
1213 1833 1433 1892 remissionem
1463 1830 1610 1910 proficiat
1635 1828 1725 1914 (illis)

268 1947 499 2016 peccatorum«
527 1948 566 1999 ut
583 1936 646 1996 iam
669 1937 717 1996 isti
742 1937 841 1998 nostri
864 1936 964 2010 amici,
995 1954 1079 2015 quae
1102 1954 1214 1997 eorum
1237 1937 1340 2013 pietas
1369 1934 1544 2016 religioque
1566 1945 1624 2009 est,
1654 1955 1724 1997 non

267 2040 406 2103 absurde
429 2040 540 2102 fecisse
567 2039 650 2101 credi
678 2042 809 2119 possint,
840 2040 866 2101 si
895 2038 1081 2120 puellarum,
1112 2059 1249 2119 quarum
1279 2038 1468 2119 simplicitati
1499 2038 1606 2101 multis
1628 2041 1725 2100 annis

267 2145 437 2218 illuserunt,
461 2164 546 2205 nuuc
567 2143 660 2206 saluti
678 2143 843 2205 consulere
866 2144 1005 2222 cupiunt.
1030 2142 1123 2223 Vale,
1146 2153 1177 2204 et
1200 2162 1260 2222 pro
1283 2145 1375 2224 nugis
1398 2162 1500 2226 nugas
1522 2146 1641 2224 accipe
1671 2143 1725 2206 Ex

270 2248 491 2327 Hassensteyn
520 2250 568 2312 13.
588 2247 735 2329 Januarii.

354 2420 416 2472 Kdo
432 2417 489 2487 byli
508 2417 555 2471 oni
574 2419 628 2470 dva
647 2417 758 2486 plinii,
772 2418 899 2470 udenostl
917 2417 1045 2485 poullrud
1064 2417 1200 2486 slynouel,
1216 2416 1318 2485 jejichr
1336 2417 1469 2486 polleslry
1481 2416 1565 2471 Pibra
1582 2434 1616 2471 za
1634 2419 1724 2472 dobre

269 2506 348 2560 uznal
367 2505 554 2558 Bohuslavovi
574 2504 758 2566 ozuamovati,
778 2505 887 2556 nevlme
907 2504 1002 2557 urdite.
1021 2505 1117 2573 (Jeden
1136 2521 1151 2557 z
1170 2503 1235 2558 nich
1254 2506 1323 2558 snad
1342 2505 1387 2573 byl
1401 2504 1528 2557 Viktorin
1546 2521 1579 2558 ze
1593 2507 1726 2573 Vsehrd.)

270 2595 352 2646 Proto
371 2593 433 2645 take
452 2592 497 2645 list
516 2592 669 2644 vselilremu
688 2592 801 2644 vrodeni
819 2609 849 2644 se
869 2591 998 2660 vymyka.
1017 2592 1154 2660 Uvedeny
1172 2609 1189 2643 v
1203 2591 1267 2644 listu
1286 2592 1381 2660 pilpad
1400 2592 1583 2660 ukvapeneho
1602 2593 1725 2647 manicl-

268 2680 322 2732 stvi
340 2679 464 2732 druheho
482 2678 548 2747 ty'ka
565 2696 595 2730 se
614 2679 723 2746 vevody
741 2677 861 2730 sasktho
874 2678 990 2741 vilem,
1009 2678 1087 2746 ktery
1106 2677 1190 2731 ihned
1210 2696 1245 2746 po
1263 2678 1341 2731 smrti
1361 2677 1506 2747 manfelky
1519 2679 1611 2747 Anny,
1629 2689 1725 2749 sestry

270 2767 344 2819 krale
363 2766 510 2819 Ladislava
528 2767 552 2833 (†
566 2764 606 2817 13.
626 2765 679 2818 list.
699 2763 785 2831 1462),
803 2764 897 2818 oddsti
922 2782 953 2818 se
975 2764 1021 2818 dal
1038 2782 1052 2816 s
1071 2762 1249 2818 konkubinou
1273 2782 1351 2827 svou,
1369 2765 1521 2818 Kateiinou
1545 2782 1561 2819 z
1581 2767 1725 2821 Branden·

269 2853 367 2916 steina,
386 2854 496 2905 vdovou
515 2869 550 2920 po
568 2851 645 2920 rytlii
664 2869 680 2905 z
698 2851 843 2905 Hesberka
861 2858 897 2916 (v.
913 2851 1047 2919 Biittiger,
1066 2852 1168 2905 Gesch.
1188 2851 1330 2905 Sachsens
1347 2852 1359 2904 1
1377 2850 1469 2924 [1830]
1486 2860 1535 2906 str.
1546 2854 1618 2921 332).

957 3115 1027 3181 178.

686 3253 906 3328 Bohuslav
929 3252 1082 3347 Janovi
1109 3277 1133 3326 z
1160 3252 1302 3350 Pibry.

356 3455 390 3464 -
404 3425 441 3480 ta.
460 3425 600 3484 tenores.
619 3425 732 3477 Odmltal
750 3424 868 3477 stlfnost
885 3442 922 3478 na
940 3432 977 3488 to,
990 3424 1023 3477 fe
1043 3441 1090 3478 mu
1109 3424 1238 3493 malokdy
1256 3425 1324 3493 pile,
1344 3425 1352 3478 i
1370 3424 1475 3493 svaluje
1494 3425 1561 3479 vinu
1582 3442 1619 3479 na
1638 3426 1722 3489 nebo,

270 3513 347 3580 ktert
366 3513 415 3581 pry‘
435 3513 494 3564 sdm
513 3511 569 3565 tint
587 3510 696 3564 tolilrei.
715 3512 806 3579 (Nova
824 3510 903 3580 epist.
921 3530 983 3581 app.
1000 3511 1077 3579 lli.)

354 3672 467 3752 loanni
491 3671 532 3732 de
555 3670 647 3731 Pibra
670 3691 693 3731 s.
717 3692 746 3751 p.
770 3671 802 3734 d.
826 3670 925 3751 Quod
949 3673 1089 3751 quereris
1113 3692 1182 3733 raro
1206 3683 1238 3733 te
1260 3693 1279 3734 a
1303 3691 1355 3734 me
1376 3671 1481 3734 literas
1504 3675 1661 3751 accipere,
1690 3673 1723 3735 id

271 3777 387 3836 nemini
411 3777 522 3837 iustius
545 3794 643 3855 quam
667 3776 722 3837 tibi
746 3776 883 3837 tribuere
906 3788 1008 3855 potes.
1035 3777 1090 3854 qui
1113 3794 1164 3836 me
1187 3775 1286 3858 longo
1309 3778 1371 3837 iam
1394 3787 1541 3857 tempore
1564 3776 1658 3840 nullis
1680 3777 1722 3839 ad

269 3879 509 3941 rescribendum
524 3879 764 3959 quaestionibus
780 3899 946 3958 provocas,
970 3879 1027 3940 sed
1043 3882 1299 3961 quotiescunque
1320 3881 1434 3960 aliquis
1455 3891 1583 3942 nostras
1602 3882 1724 3964 Pragae

215 4034 223 4047 .
270 3994 327 4056 est,
350 3992 543 4061 occupatum
565 3994 597 4044 tc
619 4002 689 4043 esse
712 3985 764 4057 ais,
789 3985 878 4063 quasi
902 3984 978 4044 mihi
993 3982 1084 4044 simili
1108 3985 1315 4046 excusatione
1329 3988 1375 4047 uti
1390 4003 1456 4046 non
1470 3985 1588 4047 liceret.
1610 3985 1724 4067 ltaque

271 4087 372 4161 facito,
396 4097 438 4160 ut,
463 4105 546 4165 quae
569 4108 588 4148 a
612 4107 663 4147 me
687 4090 825 4168 requiris,
856 4089 923 4167 ipse
946 4089 1032 4166 prior
1055 4098 1210 4168 praestes:
1240 4099 1273 4150 et
1295 4091 1415 4150 senties
1436 4089 1512 4150 nihil
1534 4109 1607 4152 esse
1630 4091 1725 4153 nobis

271 4194 301 4251 in
326 4190 495 4251 scribendo
519 4192 690 4271 impigrius
714 4191 807 4252 Vale.
828 4191 898 4272 Julii
925 4192 973 4256 18.

358 4342 419 4393 List
437 4342 488 4394 bez
507 4341 621 4405 obsahu‚
640 4344 832 4413 nevroditelny
850 4361 953 4398 zrovna
970 4345 1017 4398 tal<
1033 4343 1098 4411 jako
1117 4345 1288 4413 nasledujlcl.

965 4610 1035 4673 179.

692 4746 911 4820 Bohuslav
934 4747 1086 4842 Janovi
1113 4771 1136 4821 z
1165 4747 1306 4845 Pibry.

356 4916 377 4970 Ζ
397 4914 550 4973 Ηαεὶἐίοίηι
569 4946 600 4955 -
621 4918 657 4971 15.
677 4916 743 4973 zell.
765 4917 827 4986 Aby
847 4936 893 4972 mu
912 4920 971 4972 sam
991 4920 1094 4988 napfed
1113 4919 1211 4988 dasteJ'i
1229 4920 1297 4990 psal,
1315 4919 1416 4973 chre-li
1435 4919 1575 4974 dostavati
1594 4921 1632 4973 od
1653 4923 1729 4976 nlfho

271 5003 335 5070 listy
354 5002 459 5069 tasteji.
477 5004 555 5069 (Luc.
576 5002 644 5071 146.)

355 5145 468 5226 joanni
492 5165 552 5207 suo
575 5147 616 5207 de
639 5145 731 5208 Pibra
762 5168 785 5208 s.
816 5169 844 5228 p.
876 5148 906 5209 d.
929 5147 1102 5228 Acciperes
1131 5150 1259 5210 crebras
1289 5170 1307 5209 a
1335 5169 1386 5210 me
1408 5149 1523 5224 literas,
1548 5151 1574 5211 si
1596 5153 1731 5214 crebras

272 5249 381 5323 dares;
416 5254 567 5330 quoniam
592 5262 698 5312 autem
723 5271 763 5312 eo
786 5251 859 5313 loco
882 5255 1082 5327 constitutus,
1113 5254 1167 5314 ubi
1190 5254 1246 5315 tibi
1270 5256 1400 5315 materia
1429 5254 1588 5316 scribendi
1612 5256 1732 5318 deesse
