3660 5850
185 377 236 434 192
863 373 956 439 teos.

271 590 313 644 Na
325 589 445 658 podftku
457 588 522 642 listu
535 587 628 642 natali
647 605 676 641 se
696 605 732 641 na
750 588 927 657 pohorilivou
946 588 1038 642 hfdlru
1057 606 1074 641 a
1091 588 1177 657 pbtlni
1187 589 1269 673 'mezi
1282 587 1434 658 nejvyiilm
1448 586 1630 642 komornlkem

185 676 362 730 Ladislavem
380 693 412 729 ze
432 664 598 729 Sternberka
616 693 633 729 a
651 676 808 729 kanclelem
827 676 1006 730 Albrechtem
1026 676 1186 729 zKolovrat
1204 677 1335 744 (Palacky
1355 675 1388 739 V,
1404 673 1515 744 2133).
1533 675 1632 744 Zprivy

184 763 249 818 listu
267 765 435 818 zahraniine
454 763 540 831 tpkaji
565 780 595 815 se
619 763 739 816 udalostl
757 781 779 817 r.
799 762 876 827 1508,
894 763 1009 816 ktereho
1028 763 1082 816 dne
1100 762 1143 815 20.
1162 762 1232 831 fljna
1257 766 1347 817 mesto
1365 762 1470 815 Arzilla
1488 763 1525 815 od
1544 763 1633 815 Mauri

185 850 298 919 dobyto.
316 850 451 917 (Schiifer,
471 850 574 903 Gesch.
592 868 617 902 v.
637 851 786 917 Portugall‚
804 849 875 903 sv.3
893 858 941 903 atr.
955 849 1024 916 111.)

880 1164 950 1228 105.

537 1302 758 1377 Bohuslav
787 1302 1015 1376 Martinovi
1045 1303 1293 1378 Pollichovi.

271 1475 291 1531 Ζ
312 1474 466 1532 llaslileina
487 1475 581 1541 (15⁰9)
600 1504 632 1512 -
651 1476 677 1529 ⁴.
698 1477 791 1532 littora.
821 1474 929 1542 Zpravu
954 1474 1025 1528 davi
1050 1492 1067 1528 o
1092 1478 1165 1528 nove
1189 1473 1354 1543 objevenem
1380 1472 1510 1542 prameni
1535 1489 1552 1524 v
1571 1472 1642 1525 ololi

185 1561 333 1617 Praiskem
353 1581 369 1614 a
388 1563 560 1629 zazradnych
580 1560 711 1613 fidimlch
730 1561 804 1630 vody
819 1559 895 1628 jeho.
913 1562 993 1630 (ΙΛιε.
1014 1561 1103 1629 154ὸ.)

273 1738 415 1799 Domino
439 1736 578 1799 Martino
601 1737 751 1798 Pollichio
775 1737 1004 1801 Mellerstatino
1028 1757 1136 1800 sacrae
1158 1736 1340 1820 theologiae
1362 1747 1395 1798 et
1412 1736 1643 1798 medicinarum

187 1844 350 1905 doctoris
382 1862 411 1920 p.
435 1842 465 1903 d.
500 1841 625 1903 Diutius
654 1844 747 1916 tacui,
782 1840 927 1916 Martine,
959 1861 1056 1922 quam
1088 1842 1219 1903 forsitan
1249 1843 1305 1904 tibi
1335 1852 1463 1924 gratum
1488 1853 1544 1910 est,
1579 1858 1643 1901 non

188 1947 276 2027 quod
300 1966 343 2006 ex
366 1965 440 2006 meo
465 1948 493 2006 in
518 1958 549 2007 te
573 1948 680 2006 animo
703 1956 800 2024 atque
823 1945 1045 2008 benevolentia
1076 1947 1250 2025 quicquam
1272 1947 1457 2018 remiserim,
1487 1943 1546 2006 sed
1571 1945 1644 2024 quia

190 2071 287 2112 nemo
310 2071 345 2111 se
368 2050 491 2120 obtulit,
522 2051 575 2128 qui
603 2048 813 2128 Leucopolim
837 2061 924 2111 tuam
952 2060 1087 2129 peteret:
1119 2067 1204 2111 nunc
1226 2068 1302 2111 vero
1330 2058 1445 2111 nactus
1472 2049 1645 2121 hominem,

190 2159 242 2236 qui
266 2175 300 2216 se
323 2156 418 2214 enixe
440 2165 622 2215 curaturum
646 2153 819 2232 pollicetur,
849 2164 884 2216 ut
913 2152 1021 2216 literae
1045 2173 1137 2214 meae
1158 2155 1214 2216 tibi
1246 2172 1344 2234 quam
1367 2152 1555 2215 fidelissime
1577 2151 1645 2212 red-

190 2259 314 2331 dantur,
349 2259 455 2335 putavi
485 2256 603 2336 aliquid
634 2259 675 2318 ad
706 2268 737 2318 te
768 2258 861 2319 scribi
884 2268 1042 2336 oportere,
1076 2276 1117 2318 ne
1140 2257 1270 2319 forsitan
1299 2258 1473 2319 amicitiam
1500 2266 1645 2318 nostram

190 2362 354 2424 discidisse
377 2380 429 2421 me
453 2361 560 2437 potius
576 2379 673 2440 quam
691 2360 840 2422 dissuisse
855 2362 1021 2435 arbitreris,
1045 2363 1232 2439 praesertim
1255 2379 1329 2423 cum
1345 2379 1472 2442 sperem
1489 2380 1538 2433 ea,
1564 2378 1646 2440 quae

189 2468 363 2546 scripturus
386 2484 467 2537 sum,
489 2465 545 2526 tibi
568 2483 635 2525 non
659 2464 829 2526 iniucunda
851 2466 981 2548 cognitu
1005 2466 1083 2527 fore.
1121 2465 1233 2545 Erupit
1256 2467 1341 2526 enim
1364 2464 1554 2526 hisdiebus
1577 2465 1647 2525 fons

191 2569 320 2650 quidam
343 2570 450 2649 viginti
473 2569 593 2630 circiter
615 2567 699 2629 mille
729 2587 842 2646 passus
871 2567 964 2650 longe
986 2589 1005 2629 a
1029 2568 1137 2653 Praga,
1166 2572 1257 2632 cuius
1284 2589 1388 2650 aquae
1415 2580 1507 2631 tanto
1539 2568 1647 2630 studio

190 2685 286 2754 atque
310 2671 458 2734 aviditate
489 2672 530 2731 ab
553 2672 703 2733 omnibus
733 2683 937 2750 expetuntur,
966 2684 1001 2735 ut
1032 2692 1098 2735 non
1128 2673 1233 2736 solum
1262 2675 1457 2752 provinciam
1488 2671 1539 2735 sui
1563 2671 1647 2733 fama

158 2822 161 2827 >
192 2779 397 2858 impleverint,
431 2775 488 2837 sed
512 2778 608 2836 etiam
631 2774 673 2836 ad
696 2774 845 2837 finitimas
868 2779 1014 2859 regiones
1038 2794 1294 2857 quaquaversum
1323 2777 1419 2859 longe
1441 2775 1575 2857 lateque
1597 2793 1648 2836 ve-

191 2883 313 2956 hantur,
348 2890 519 2960 tantusque
542 2878 737 2958 populorum
760 2879 802 2940 ad
825 2899 880 2941 eas
902 2900 1077 2943 concursus
1100 2892 1156 2957 est,
1187 2893 1222 2942 ut
1244 2879 1428 2960 Apollinem
1451 2880 1648 2959 Delphicum

191 3006 231 3047 eo
261 2986 335 3046 loco
366 3002 521 3064 responsa
548 2983 624 3044 dare
654 2982 783 3045 diceres.
818 2982 933 3065 Neque
962 2985 1093 3047 forsitan
1122 2987 1297 3060 immerito;
1330 2985 1409 3046 mira
1446 2986 1534 3045 enim
1570 2984 1648 3045 fonti

191 3090 261 3150 huic
277 3087 447 3149 salubritas
462 3098 518 3162 est,
542 3089 656 3147 mirum
672 3086 714 3148 ad
731 3106 844 3148 omnes
860 3087 1074 3171 aegritudines
1090 3089 1277 3150 remedium.
1301 3088 1452 3150 Referam
1468 3089 1526 3150 tibi
1544 3107 1649 3168 pauca

185 3204 232 3254 ‘ex
255 3192 376 3253 multis:
407 3210 481 3252 nam
509 3191 616 3251 omnia
647 3193 835 3270 conquirere
865 3203 897 3254 et
924 3193 1059 3275 longum
1084 3205 1117 3255 et
1147 3192 1343 3274 superfluum
1376 3202 1469 3253 esset.
1504 3190 1649 3271 Quidam

191 3296 297 3357 multis
320 3297 411 3356 annis
434 3313 547 3355 caecus
570 3293 634 3366 fuit,
666 3298 691 3355 is
713 3296 768 3356 ubi
792 3295 850 3357 hac
872 3315 959 3375 aqua
989 3297 1100 3358 oculos
1129 3296 1236 3371 abluit,
1267 3297 1368 3360 visum
1396 3298 1524 3375 recepit.
1555 3293 1649 3357 Alius

191 3402 314 3473 morb0‚
349 3418 446 3479 quem
472 3398 628 3460 Gallicum
652 3410 776 3473 vocant,
810 3400 960 3462 detentus
986 3402 1164 3474 sanitatem,
1199 3419 1297 3480 quam
1327 3400 1413 3462 nulla
1444 3398 1650 3461 medicorum

190 3524 253 3584 ope
275 3505 428 3582 consequi
453 3505 565 3580 potuit,
589 3521 694 3581 aquae
716 3515 795 3582 potu
819 3516 1037 3585 consequutus
1060 3516 1116 3567 est.
1140 3504 1292 3585 Plerique,
1320 3505 1375 3585 qui
1397 3503 1545 3586 chiragra
1568 3503 1650 3584 pod-

190 3627 330 3690 agraque
353 3607 576 3668 laboraverunt
599 3617 630 3669 et
652 3610 804 3669 contracti
828 3610 980 3671 membris
1002 3619 1100 3684 erant,
1130 3611 1293 3688 pristinam
1316 3607 1534 3670 valetudinem
1562 3626 1651 3670 recu-

191 3721 390 3793 peraverunt.
423 3711 512 3773 ldem
536 3711 642 3774 multis
665 3711 741 3786 aliis,
771 3715 824 3793 qui
848 3725 903 3776 aut
926 3716 1082 3775 viscerum
1105 3712 1218 3776 dolore
1241 3723 1296 3775 aut
1326 3714 1466 3792 pectoris
1489 3714 1651 3774 iocinoris-

191 3837 254 3897 quc
278 3817 435 3878 ulceribus
457 3815 687 3896 affligebantur,
710 3816 832 3878 accidit.
856 3815 922 3880 Sed
946 3817 1026 3878 haec
1048 3819 1157 3879 omnia
1171 3818 1327 3879 hactenus
1349 3817 1475 3880 tolerari
1495 3815 1652 3896 credique

191 3933 335 4001 possunt,
358 3939 433 3982 nam
450 3931 481 3980 et
498 3919 572 3981 olim
596 3939 697 3999 aquas
713 3920 808 3982 fuisse
823 3921 966 4003 legimus
989 3940 1073 4001 quae
1089 3923 1192 3984 nervis
1207 3921 1410 4001 pedibusque
1425 3920 1650 3995 conferebant,

192 4027 307 4088 luxatis
337 4025 505 4104 fractisque
540 4027 691 4086 membris
721 4026 967 4105 opitulabantur,
999 4027 1180 4087 inaniebant
1214 4025 1311 4099 alvos,
1344 4026 1503 4087 sanabant
1535 4024 1651 4099 ulcera,

191 4132 321 4192 auribus
344 4130 508 4209 oculisque
532 4128 752 4192 medebantur.
787 4130 901 4212 Neque
928 4133 1025 4192 etiam
1052 4140 1157 4192 aetate
1187 4140 1296 4191 nostra
1327 4130 1357 4191 in
1384 4127 1546 4209 plerisque
1573 4128 1653 4192 locis

191 4235 316 4307 desunt,
348 4254 432 4313 quae
462 4235 578 4311 partim
608 4233 742 4295 haustae
769 4236 883 4313 partim
915 4236 1113 4296 extrinsecus
1144 4233 1332 4314 corporibus
1363 4232 1484 4296 effusae
1511 4231 1652 4297 salutem

192 4339 373 4399 hominibus
400 4338 544 4399 afferunt.
575 4335 640 4398 Sed
668 4337 770 4399 multo
799 4339 921 4398 maiora
954 4336 1252 4417 incredibilioraque
1282 4347 1509 4400 memorantur.
1542 4336 1652 4399 Puella

192 4442 361 4523 quaedam,
385 4462 467 4522 quae
490 4443 548 4502 sibi
571 4451 699 4521 partum
722 4442 965 4504 medicamentis
987 4444 1134 4524 abegisse
1157 4439 1330 4516 dicebatur,
1361 4440 1484 4503 fontem
1509 4442 1654 4505 bibitura

191 4557 384 4608 accesserat:
408 4557 440 4608 et
463 4547 570 4608 subito
593 4565 676 4625 aqua
700 4546 866 4625 disparuit;
889 4564 1028 4626 cumque
1051 4546 1131 4608 alius
1153 4545 1260 4606 multis
1282 4544 1436 4606 caedibus
1458 4546 1595 4628 insignis
1611 4564 1653 4608 eo

192 4652 283 4713 simili
310 4650 351 4711 de
374 4670 470 4711 causa
492 4651 637 4723 venisset,
669 4650 699 4710 in
730 4652 916 4732 sanguinem
948 4660 1071 4712 mutata
1102 4660 1158 4710 est.
1190 4648 1332 4710 Volebat
1358 4647 1489 4729 quidam
1515 4650 1654 4731 implere

191 4755 338 4837 lagenam
363 4765 394 4815 et
417 4753 550 4814 domino
573 4773 633 4815 suo
657 4752 698 4814 ad
722 4756 907 4832 proximum
930 4755 1035 4814 vicum
1058 4752 1179 4826 afferre,
1203 4751 1261 4813 sed
1286 4769 1399 4831 passus
1422 4762 1472 4813 est
1488 4752 1535 4827 id,
1559 4754 1654 4833 quod

191 4858 257 4939 pati
287 4858 430 4920 Belidem
454 4857 541 4936 apud
566 4858 681 4919 inferos
711 4866 826 4936 poetae
856 4858 1044 4920 fabulantur.
1076 4855 1168 4918 Alius
1190 4874 1309 4937 equum
1339 4875 1473 4918 caecum
1496 4856 1655 4933 habebat,

192 4977 223 5024 ot
246 4983 319 5024 cum
350 4965 417 5024 eius
440 4960 553 5023 oculos
577 4982 660 5041 aqua
691 4966 886 5041 aspersisset,
917 4982 1002 5042 equo
1025 4964 1111 5023 visus
1140 4963 1302 5023 restitutus
1332 4971 1388 5034 est,
1418 4960 1477 5021 sed
1509 4964 1655 5025 coecitas

191 5066 360 5127 dominum
383 5068 502 5128 invasit.
528 5065 617 5127 Haec
641 5068 671 5126 in
695 5068 840 5127 omnium
864 5086 920 5128 ore
943 5076 1026 5140 sunt,
1049 5085 1110 5148 ego
1134 5077 1241 5126 tamen
1265 5083 1370 5144 neque
1393 5064 1452 5126 tibi
1475 5080 1655 5146 propterea

192 5190 297 5250 neque
320 5170 372 5231 ulli
392 5170 440 5230 alii
458 5169 553 5229 fidem
579 5188 684 5230 meam
707 5171 881 5251 obstring0,
906 5188 1104 5249 quamquam
1127 5168 1212 5229 adeo
1235 5178 1418 5230 constanter
1441 5169 1655 5245 affirmantur,

192 5287 226 5335 ut
250 5294 301 5334 me
324 5294 462 5354 quoque,
494 5276 546 5353 qni
571 5293 636 5333 non
661 5286 780 5335 temere
804 5274 960 5335 miraculis
989 5273 1170 5334 huiusmodi
1199 5273 1329 5334 credere
1355 5273 1457 5348 soleo,
1488 5275 1655 5338 interdum
