3660 5850
867 390 959 450 1499.
1591 387 1643 442 109

187 601 369 664 discrimine
395 605 613 665 constituetur.
652 602 811 685 Equidem
842 606 899 665 etsi
922 622 1050 682 semper
1072 604 1115 666 lui
1138 605 1194 665 otii
1216 615 1247 665 et
1270 605 1358 681 pacis
1380 602 1523 684 cupidior
1545 612 1641 683 atque

187 705 360 767 studiosior
380 726 479 786 quam
503 707 585 780 belli,
608 707 665 768 has
689 719 796 768 tamen
820 707 982 770 simulatas
1005 709 1146 770 hostium
1169 709 1312 770 inducias
1328 711 1457 770 minime
1472 709 1586 787 probo,
1609 720 1641 770 et

187 819 335 890 apertum
362 810 483 872 bellum
514 831 612 892 quam
641 811 773 873 dubiam
803 831 916 891 pacem
946 823 1043 895 atque
1073 832 1115 874 ex
1146 814 1283 875 barbara
1306 813 1369 874 fide
1392 812 1586 892 pendentem
1610 824 1641 873 et

187 916 285 977 tutius
309 927 340 976 ct
365 916 408 977 rei
430 915 619 977 christianae
643 901 749 978 utilius
772 917 915 978 arbitror.
953 916 1069 999 Neque
1098 930 1132 980 tu
1159 929 1283 999 praeter
1305 917 1444 978 officium
1468 916 1584 988 leceris,
1615 918 1641 977 si

183 1020 267 1089 ‚haec
290 1021 384 1103 regiis
407 1020 536 1081 auribus
566 1020 695 1083 assidue
725 998 906 1083 inculcabis.
945 1020 1032 1101 Quid
1056 1025 1086 1083 in
1110 1043 1144 1083 re
1168 1022 1300 1084 literaria
1323 1024 1430 1103 egeris,
1462 1041 1528 1082 non
1552 1022 1640 1100 potui
1696 1041 1704 1092 '.

187 1143 230 1185 ex
252 1124 349 1186 literis
373 1127 434 1186 tuis
457 1143 668 1206 cognoscere:
691 1135 831 1205 expecto
854 1138 961 1187 tamen
985 1128 1044 1187 abs
1067 1137 1099 1187 te
1121 1137 1152 1187 et
1176 1125 1351 1208 Origenem
1374 1124 1414 1185 de
1437 1127 1594 1203 principiis
1610 1136 1642 1186 ct

188 1230 418 1309 epigrammata
439 1229 571 1309 Joannis
593 1228 748 1291 Pannonii
772 1242 803 1292 et
826 1230 971 1293 historias
994 1230 1126 1292 Antonii
1149 1230 1353 1309 Bonphinii*)
1377 1240 1409 1290 et
1432 1228 1575 1290 codicem
1599 1228 1641 1289 la-

188 1334 300 1405 tinum,
324 1334 379 1412 qui
403 1332 477 1392 mihi
501 1354 520 1393 a
543 1335 626 1414 regia
651 1333 844 1395 bibliotheca
867 1333 1010 1396 debetur.
1050 1333 1167 1395 Missus
1198 1345 1246 1396 est
1277 1333 1351 1394 mihi
1375 1351 1476 1412 nuper
1498 1351 1540 1394 ex
1563 1331 1642 1395 Ger·

189 1437 296 1497 mania
326 1432 450 1510 Arator,
485 1439 539 1517 qui
565 1448 655 1498 actus
688 1437 910 1516 apostolorum
944 1439 1087 1499 versibus
1117 1439 1244 1512 cecinit,
1275 1436 1367 1498 huius
1397 1439 1422 1498 si
1455 1437 1566 1499 avidus
1597 1456 1641 1512 es,

188 1540 319 1615 curabo,
343 1551 377 1602 ut
400 1540 455 1601 tibi
478 1541 693 1616 exscribatur;
716 1542 861 1603 nondum
885 1545 969 1603 enim
992 1545 1182 1621 impressum
1201 1544 1359 1603 existimo.
1382 1540 1430 1603 Te
1447 1559 1568 1619 precor,
1592 1540 1641 1602 lac

189 1662 241 1704 me
263 1646 439 1716 certiorem,
463 1644 631 1724 quomodo
654 1664 689 1706 se
712 1648 842 1724 nuptiae
866 1646 1014 1709 habeant.
1039 1645 1129 1706 Vale.
1155 1646 1246 1710 1490.
1269 1643 1357 1724 Sept.
1383 1645 1430 1709 14.

276 1831 380 1884 Datum
394 1830 524 1884 Mitisovo
538 1830 607 1883 1490
616 1830 672 1898 jest
685 1835 781 1884 ovsem
796 1832 914 1900 chybne‚
928 1832 1013 1886 nebot
1026 1833 1152 1901 vsechny
1165 1832 1285 1900 naraiky
1298 1849 1315 1883 v
1328 1831 1390 1885 liste
1408 1833 1483 1886 hledl
1501 1833 1518 1885 k
1531 1849 1552 1886 r.
1566 1830 1641 1885 1499.

188 1903 304 1970 Slechta
321 1920 419 1987 patrne
438 1935 455 1970 v
468 1917 530 1971 liste
548 1919 635 1982 svem,
652 1917 734 1985 jehol
753 1922 849 1972 ovsem
870 1921 1013 1981 nemime,
1028 1919 1122 1973 zmlnil
1140 1937 1170 1972 se
1190 1937 1206 1971 ο
1225 1919 1371 1973 Schottovi
1390 1927 1478 1987 proto,
1494 1919 1526 1972 le
1544 1936 1575 1972 se
1594 1935 1641 1971 mu

188 2004 301 2058 tenkrat
318 2006 354 2058 do
371 2005 459 2058 rukou
477 2005 585 2058 dostalo
603 2004 740 2058 soubome
760 2006 862 2075 vydani
881 2006 958 2075 spisd
974 2006 1041 2074 jeho
1059 2006 1340 2074 (Lucubratiunculae
1360 2007 1423 2075 vyd.
1442 2024 1460 2058 v
1476 1993 1641 2060 Strasburku

192 2091 279 2160 1498),
298 2110 315 2144 ν
332 2091 415 2145 ηἱεὴὶ
435 2091 490 2160 jest
513 2093 577 2145 take
600 2092 709 2145 nekolik
732 2092 796 2147 listd
814 2111 831 2146 a
849 2092 982 2147 basnidek
1001 2094 1243 2162 Bohuslavovpch.
1272 2094 1346 2162 Tyto
1364 2080 1477 2147 Slechta
1494 2094 1641 2162 pochvalil.

187 2179 214 2232 Ο
226 2178 340 2247 potiebe
359 2179 490 2249 spoledne
509 2178 614 2247 obrany
632 2178 704 2246 proti
719 2180 842 2233 Turlrdm
861 2181 947 2233 viech
967 2179 1060 2233 knliat
1079 2181 1252 2249 evropskych
1271 2180 1367 2248 napsal
1380 2181 1521 2233 Bohuslav
1538 2179 1640 2248 objem-

187 2282 245 2317 nou
263 2265 359 2328 hasen,
378 2265 455 2318 litera
479 2283 509 2319 se
534 2266 651 2319 nachazl
675 2283 693 2318 v
712 2266 772 2320 dele
795 2266 888 2335 sbirlry
904 2265 970 2334 jeho
994 2266 1075 2320 basnl
1095 2269 1259 2335 »Farrago«.
1289 2250 1401 2319 dadan&
1420 2284 1437 2318 v
1455 2266 1517 2320 listi!
1540 2267 1639 2336 lmihy:

187 2352 326 2420 Origenes
344 2354 378 2405 de
396 2352 538 2421 principiis
556 2354 628 2416 (napi
645 2349 744 2420 ἀρχῶν)
763 2371 780 2406 a
798 2353 919 2407 Bonfinii
943 2353 1075 2408 historiae
1097 2355 1192 2422 mohly
1210 2353 1269 2423 byti
1288 2355 1396 2407 tenkrdt
1411 2352 1458 2422 jen
1477 2354 1640 2423 rulropisn63

186 2440 231 2492 ale
249 2439 459 2509 Epigrammata
470 2439 605 2509 Johannis
618 2439 755 2493 Pannonii
774 2442 843 2494 snad
862 2441 926 2511 bylo
944 2442 1027 2510 prave
1047 2458 1102 2494 ono
1120 2441 1222 2495 tittene
1241 2441 1351 2510 vydani,
1367 2440 1411 2508 jei
1430 2443 1511 2510 podle
1530 2442 1593 2496 listu
1606 2442 1641 2494 66

186 2525 355 2595 piidinenlm
374 2512 553 2595 Slechtovym
579 2526 707 2579 nedavno
725 2526 790 2595 bylo
809 2531 951 2596 opatleno.
979 2529 1109 2582 Poslednl
1133 2546 1151 2581 v
1169 2527 1234 2581 listu
1257 2528 1368 2581 zmlnlra
1386 2546 1403 2581 o
1422 2528 1518 2582 svatbe
1537 2528 1640 2598 nejspis

186 2614 255 2682 plati
273 2612 351 2676 krali,
370 2614 448 2682 ktery
467 2613 576 2667 tenkrat
595 2631 630 2666 na
648 2613 747 2667 lenoni
766 2615 914 2683 pomy'sleti
937 2617 1018 2684 podal
1041 2618 1171 2686 opravdu,
1190 2632 1207 2668 a
1224 2616 1309 2668 nikoli
1329 2602 1480 2679 Slechtovi,
1497 2615 1542 2683 jak
1561 2633 1577 2669 z
1595 2634 1640 2670 ne·

186 2700 346 2768 spravneho
364 2700 494 2765 plekladu
512 2702 580 2754 toho
600 2700 683 2753 mista
700 2719 718 2753 u
736 2700 923 2756 Vinaliclreho
941 2704 999 2770 (stt.
1018 2701 1061 2771 72)
1079 2701 1144 2772 bylo
1163 2702 1200 2771 by
1218 2702 1330 2755 souditi.

893 2985 942 3048 70.

537 3123 757 3196 Bohuslav
784 3122 1012 3196 Valentinu
1039 3147 1062 3195 z
1092 3120 1291 3196 Meziilcl.

275 3276 351 3333 1499.
369 3275 477 3344 ὓό1υ]ε
495 3293 529 3330 za
546 3278 636 3346 pelini
655 3293 672 3330 a
689 3276 802 3346 laskavy
822 3277 867 3329 list
886 3276 894 3328 i
912 3292 946 3329 za
963 3276 1079 3345 poslany'
1098 3275 1189 3336 derel,
1206 3292 1223 3327 a
1235 3273 1332 3342 slibuje
1351 3274 1516 3342 vzajemnou
1536 3275 1640 3329 ochotu

185 3379 205 3415 a
223 3362 327 3432 plizell.
346 3363 436 3428 (Nova
454 3363 534 3433 epist.
552 3382 614 3433 app.
632 3364 686 3432 48.)

276 3522 449 3585 Valentino
473 3522 657 3585 Mezricensi
680 3526 804 3585 notario
826 3522 990 3585 Zatecensi
1012 3542 1034 3583 s.
1058 3542 1088 3602 p.
1112 3521 1142 3583 d.
1164 3521 1258 3601 Quae
1280 3522 1322 3584 ad
1347 3541 1399 3583 me
1421 3523 1579 3602 scripsisti,
1602 3542 1641 3584 ea

185 3626 267 3686 mihi
288 3627 483 3707 periucunda
506 3628 641 3689 luerunt.
664 3627 853 3691 Delectabat
876 3630 961 3689 enim
984 3647 1037 3689 me
1059 3628 1218 3710 elegantia
1239 3626 1399 3689 literarum
1424 3636 1560 3701 tuarum,
1582 3626 1641 3688 sed

184 3731 315 3791 animus
337 3750 412 3813 erga
435 3750 488 3792 me
517 3733 619 3793 multo
650 3735 758 3814 magis,
788 3751 976 3812 quanquam
1006 3735 1038 3794 in
1061 3752 1100 3793 ea
1121 3751 1155 3793 re
1178 3750 1299 3809 peccas,
1331 3731 1420 3811 quod
1448 3750 1574 3793 mecum
1598 3733 1639 3793 ita

185 3837 266 3916 agis
296 3837 387 3916 quasi
417 3855 521 3897 assem
548 3836 720 3915 elephanto
744 3839 896 3918 porrigas
935 3835 1000 3900 Sed
1023 3856 1088 3897 non
1119 3845 1176 3911 est,
1200 3834 1379 3907 Valentine‚
1410 3854 1465 3896 cur
1493 3854 1546 3896 me
1567 3834 1641 3896 Par-

185 3937 319 3999 thorum
343 3939 470 4021 regibus
492 3939 626 4001 similem
649 3942 821 4014 existimes,
851 3960 935 4021 quos
957 3943 1024 4002 sine
1054 3958 1185 4002 munere
1215 3938 1303 4000 adire
1330 3939 1505 4001 nonlicet:
1535 3938 1642 4000 faciles

186 4040 232 4103 ad
256 4044 425 4105 amicitiam
448 4062 554 4105 meam
576 4055 650 4105 sunt
673 4044 786 4120 aditus,
810 4055 932 4106 etcum
948 4045 1105 4117 omnibus,
1129 4039 1182 4123 qui
1198 4042 1329 4124 aliquod
1344 4044 1465 4105 virtutis
1480 4045 1641 4123 specimen

185 4165 268 4226 prae
289 4166 324 4207 se
347 4147 458 4224 senmt,
480 4158 549 4211 tum
574 4151 713 4210 maxime
737 4151 781 4224 iis,
804 4150 859 4229 qui
881 4148 1041 4210 literarum
1063 4146 1199 4208 studiosi
1220 4157 1303 4222 sunt,
1325 4166 1367 4207 ex
1389 4148 1498 4207 animo
1512 4146 1640 4209 allicior.

185 4249 305 4312 Talem
327 4262 435 4312 autem
459 4262 491 4313 te
513 4272 584 4315 esse
608 4252 728 4314 indices
749 4264 824 4316 sunt
847 4253 963 4327 literae,
990 4272 1070 4333 quas
1093 4250 1134 4312 ad
1157 4271 1210 4313 me
1232 4253 1351 4326 misisti,
1379 4252 1497 4330 quibus
1519 4254 1563 4314 ita
1585 4253 1641 4313 tibi

185 4355 355 4418 devinctus
384 4375 465 4430 sum,
496 4367 538 4430 ut,
566 4358 626 4418 nisi
656 4366 688 4417 te
718 4369 831 4418 mutua
861 4375 1070 4436 prosequerer
1100 4355 1330 4430 benevolentia,
1361 4355 1543 4418 discessisse
1566 4356 1642 4418 mihi

183 4481 209 4521 a
232 4478 286 4520 me
309 4461 378 4539 ipso
401 4460 531 4522 viderer.
554 4460 778 4540 Quamobrem
801 4461 904 4534 facito,
935 4471 969 4521 ut
993 4480 1036 4537 ex
1059 4461 1120 4522 hoc
1143 4471 1289 4538 tempore
1313 4463 1421 4521 omnia
1443 4461 1500 4522 tibi
1524 4461 1566 4523 de
1589 4481 1641 4522 me

184 4563 373 4644 pollicearis,
404 4583 509 4644 neque
531 4583 583 4625 me
606 4565 702 4627 alium
726 4567 757 4626 in
781 4576 812 4626 te
835 4577 935 4645 putes,
963 4584 1060 4644 quam
1084 4566 1182 4626 virtus
1204 4577 1259 4626 tua
1282 4574 1429 4625 meretur.
1467 4562 1565 4626 Cuius
1587 4567 1640 4639 rei,

183 4669 444 4749 quotiescunque
465 4668 564 4743 voles,
585 4672 704 4750 poteris
727 4670 831 4731 lacere
853 4667 1036 4747 periculum,
1059 4669 1199 4730 invenies
1222 4670 1307 4729 enim
1329 4687 1381 4729 me
1397 4670 1505 4729 omnia
1520 4670 1641 4729 sincere

184 4783 221 4833 ct
250 4791 345 4855 agere
375 4783 408 4834 et
437 4772 534 4855 loqui.
571 4773 691 4836 Munus
713 4783 804 4836 tuum
827 4772 903 4833 mihi
933 4783 1060 4854 gratum
1083 4783 1132 4833 est
1154 4773 1277 4852 eritque
1299 4771 1386 4850 apud
1409 4791 1462 4832 me
1484 4773 1641 4834 amicitiae

144 4960 147 4964 .
184 4887 319 4937 nostrae
342 4887 598 4939 monumentum.
621 4877 712 4938 Vale.
735 4874 833 4938 Anno
853 4876 950 4957 1499.

275 5047 327 5116 Jak
345 5048 458 5101 adressa
480 5048 584 5110 sveddl,
602 5047 650 5117 byl
668 5048 798 5103 Valentin
822 5047 980 5101 zMeziiidi
1004 5047 1113 5099 tankrat
1136 5047 1255 5115 pisaiem
1274 5030 1433 5114 Zateclry'm,
1451 5045 1518 5113 jlmi
1536 5063 1566 5098 se
1585 5047 1638 5099 stal

185 5135 280 5203 (podle
300 5134 388 5187 Naue.
407 5136 505 5202 slovn.)
528 5135 610 5189 olrolo
633 5153 654 5188 r.
674 5135 749 5189 1495.
780 5138 811 5188 R.
832 5135 897 5187 1491
916 5135 1014 5187 dosahl
1039 5134 1168 5187 hodnosti
1193 5133 1353 5186 bakalallske
1377 5150 1413 5185 na
1439 5133 1556 5185 1’raiske
1583 5132 1640 5185 uni·

278 5311 306 5378 *)
324 5308 400 5362 Mitis
418 5310 474 5363 detl
493 5308 602 5379 chybne
621 5308 784 5378 Monphinii.
