3660 5850
895 742 945 807 28.

581 919 801 995 Bohuslav
828 895 1015 1013 §tepanu
1045 917 1259 992 Pisonovi.

279 1147 300 1202 Ζ
320 1146 438 1204 Bondlelt
457 1149 513 1203 1491
534 1177 567 1187 -
586 1147 624 1202 ll.
643 1160 736 1218 orpha.
755 1145 905 1215 Vyslovuje
924 1146 1050 1214 potesent
1068 1161 1099 1198 ze
1118 1145 1220 1212 zpnlvy
1240 1160 1256 1194 ο
1275 1142 1410 1195 nabtzene
1430 1142 1496 1195 sobe
1515 1144 1645 1198 hodnosti

192 1235 341 1306 biskupske
360 1254 377 1288 v
391 1234 547 1299 Olomouci,
566 1236 608 1290 ale
621 1235 693 1298 take,
713 1234 793 1289 hlede
812 1234 830 1288 k
848 1233 961 1288 obtilIm
981 1242 1069 1296 stavu,
1088 1230 1218 1300 vlelijake
1236 1231 1366 1301 rozpaky.
1385 1232 1465 1299 (Luc.
1483 1231 1536 1299 00.)

279 1466 445 1548 Stephano
461 1469 567 1531 Pisoni
589 1488 612 1530 s.
629 1488 659 1548 p.
684 1468 714 1531 d.
737 1467 832 1529 Binas
847 1478 920 1529 tuas
941 1465 984 1528 ad
999 1484 1051 1526 me
1074 1464 1179 1526 literas
1195 1464 1340 1526 Veneriis
1356 1464 1484 1538 offendi,
1508 1485 1643 1546 quarum

190 1570 310 1635 alterae
333 1571 384 1634 die
407 1572 481 1635 divo
504 1562 792 1656 Georgio'solenni
816 1570 910 1634 datae
926 1571 1059 1644 fuerunt,
1083 1569 1188 1632 alteris
1210 1588 1276 1631 non
1298 1582 1365 1632 erat
1385 1568 1453 1632 dies
1476 1569 1644 1649 adscripta.

191 1675 226 1737 In
251 1680 395 1758 utrisque
419 1677 450 1740 id
473 1678 646 1741 molestum
670 1678 734 1751 suit,
765 1678 917 1755 quoniam
941 1694 982 1736 ex
1006 1678 1089 1737 senis
1120 1677 1235 1736 nostris
1257 1694 1338 1736 unas
1368 1672 1526 1738 duntaxat
1548 1673 1590 1736 ad
1613 1685 1645 1737 te

190 1783 374 1860 pervenisse
397 1802 439 1844 ex
462 1783 510 1845 his
533 1781 682 1844 intellexi.
709 1780 845 1844 Caetera
868 1799 920 1841 me
942 1782 1025 1841 varie
1054 1783 1203 1860 varieque
1233 1780 1417 1842 affecerunt.
1455 1777 1644 1842 Delectabat

191 1904 243 1948 me
265 1886 457 1965 pontificalis
479 1887 592 1962 honor,
615 1898 647 1949 et
670 1906 753 1967 quae
776 1884 824 1947 alii
848 1897 935 1947 tanta
958 1885 1133 1946 ambitione
1162 1895 1325 1965 appetunt,
1349 1885 1424 1946 mihi
1447 1896 1563 1964 sponte
1586 1886 1644 1948 ob·

189 1993 298 2052 venire
320 1992 522 2073 gaudebam;
555 1991 612 2053 sed
635 1992 761 2066 farcina,
792 2010 875 2071 quae
905 1999 1029 2051 tantum
1060 1989 1218 2050 honorem
1241 1991 1419 2064 comitatur,
1447 2008 1644 2073 magnopere

190 2096 338 2157 terrebat.
378 2094 534 2159 Conscius
557 2099 642 2158 enim
664 2094 886 2157 imbecillitatis
909 2113 1001 2155 meae
1024 2093 1106 2155 hanc
1129 2096 1325 2173 provinciam
1348 2112 1416 2156 non
1438 2092 1645 2156 reformidare

190 2219 257 2261 non
272 2220 417 2279 possum,
441 2203 626 2280 praesertim
649 2219 722 2262 cum
739 2200 868 2260 minime
891 2210 926 2261 ut
949 2198 1072 2260 iuturus
1095 2201 1266 2278 episcopus
1282 2197 1529 2262 adolescentiam
1546 2209 1644 2261 trans·

189 2306 319 2385 egerim.
343 2304 419 2367 Huc
442 2303 573 2378 accedit,
597 2303 686 2385 quod
709 2302 802 2384 plebs
824 2303 904 2365 haec
927 2322 992 2364 non
1017 2302 1123 2365 solum
1145 2302 1293 2364 humanis
1315 2305 1382 2365 istis
1397 2302 1644 2385 vulgaribusque

188 2410 270 2470 vitiis
293 2420 443 2488 corrupta
470 2409 646 2471 sedetiam
677 2409 850 2470 innumeris
880 2408 996 2469 insecta
1019 2408 1203 2470 haeresibus
1232 2418 1288 2483 est,
1312 2419 1347 2470 ut
1376 2411 1498 2471 etiamsi
1529 2428 1644 2471 omnes

188 2513 338 2576 homines
360 2533 419 2576 sua
434 2514 565 2576 consilia
588 2515 619 2574 in
635 2533 734 2575 unum
759 2513 947 2586 conferrent,
971 2516 1024 2573 vix
1040 2516 1213 2594 quicquam
1234 2515 1341 2575 auxilii
1363 2514 1477 2576 afferre
1501 2527 1642 2594 possent.

189 2617 316 2697 Quodsi
339 2617 430 2680 Plato
453 2639 472 2680 a
495 2616 667 2696 Cyrenaeis
690 2628 829 2691 vocatus,
853 2628 888 2680 nt
904 2620 1019 2679 civitati
1043 2637 1155 2680 eorum
1178 2620 1266 2701 leges
1288 2621 1450 2695 scriberet,
1472 2621 1554 2681 iuste
1570 2638 1643 2698 pro-

189 2721 286 2784 ficisci
309 2723 351 2784 ad
367 2742 425 2785 eos
448 2725 604 2784 recusavit
627 2719 794 2805 (quoniam
810 2731 859 2783 tot
882 2721 973 2784 malis
996 2725 1139 2784 moribus
1161 2723 1509 2805 consuetudinibusque
1531 2722 1643 2804 depra-

188 2836 283 2889 vatos
305 2829 359 2888 vix
382 2847 527 2908 unquam
551 2828 612 2889 sub
636 2827 759 2909 legibus
783 2829 919 2888 victuros
942 2825 1173 2909 arbitrareturl:
1204 2840 1327 2908 quanto
1357 2847 1420 2911 ego
1446 2829 1559 2891 iustius
1581 2827 1643 2889 hoc

191 2951 275 2993 onus
291 2933 399 3011 potius
422 2951 520 3012 quam
536 2932 693 2994 honorem
716 2930 902 2993 renuerem?
924 2950 997 2993 cum
1013 2952 1118 3013 neque
1136 2935 1204 3013 ipse
1218 2931 1342 2995 Platoni
1364 2932 1496 2995 conferri
1511 2935 1642 3012 possim,

189 3047 222 3098 et
246 3035 324 3114 N.*)
348 3034 521 3114 Cyrenaeis
544 3036 639 3117 longe
663 3037 842 3115 corruptior
869 3035 1135 3117 depravatiorque
1162 3040 1209 3099 sit.
1247 3035 1418 3101 Caeterum
1446 3036 1565 3100 solatur
1592 3055 1643 3097 me

188 3140 295 3202 divina
311 3141 497 3222 benignitas,
520 3160 604 3221 quae
620 3152 651 3202 et
667 3142 855 3220 sapientiam
878 3143 1058 3220 sapientum
1074 3139 1177 3221 perdit
1200 3153 1232 3204 et
1247 3141 1418 3205 humilibus
1440 3141 1643 3223 parvulisque

188 3244 244 3307 dat
266 3247 409 3327 gratiam.
446 3244 686 3307 incircumcisus
716 3243 805 3306 labiis
835 3257 901 3307 crat
925 3244 1044 3321 Moses,
1078 3258 1110 3309 et
1132 3258 1239 3309 tamen
1271 3246 1428 3328 populum
1457 3246 1545 3309 illum
1576 3258 1641 3309 tam

188 3349 288 3412 durae
310 3351 438 3411 cervicis
461 3369 503 3410 ex
525 3348 678 3432 Aegypto
702 3350 801 3412 duxit.
832 3349 949 3413 Paulus
971 3370 1014 3411 ex
1036 3360 1242 3430 persecutore
1271 3352 1440 3432 apostolus
1461 3352 1564 3414 factus
1586 3363 1642 3415 est.

188 3452 337 3532 Quantus
361 3456 393 3515 in
415 3452 548 3516 ecclesia
570 3453 630 3515 Dei
646 3454 860 3536 Augustinus!
884 3454 981 3516 Hunc
997 3466 1104 3517 tamen
1121 3454 1310 3536 cupiditates
1333 3453 1542 3537 libidinesque
1558 3455 1642 3519 adeo

187 3561 328 3622 vinctum
351 3557 562 3632 detinuerunt,
586 3569 621 3620 ut
644 3561 712 3620 sine
734 3561 770 3620 iis
792 3561 889 3621 vitam
913 3560 1088 3621 humanam
1110 3563 1244 3622 omnino
1271 3559 1391 3623 nullam
1414 3579 1484 3622 esse
1507 3572 1643 3639 putaret.

187 3661 335 3725 Forsitan
357 3674 388 3725 et
411 3665 512 3725 nostri
534 3662 707 3744 aliquando
731 3662 929 3725 miserebitur
954 3664 1113 3726 Dominus
1136 3676 1168 3726 et
1191 3665 1334 3745 quotidie
1356 3667 1458 3749 magis
1480 3685 1518 3727 ac
1540 3668 1643 3748 magis

188 3770 219 3830 in
241 3786 398 3849 praeceps
420 3779 550 3829 ruentes
572 3769 693 3830 virtutis
721 3779 753 3829 et
775 3767 963 3830 clementiae
988 3788 1065 3831 suae
1090 3769 1223 3831 dextera
1246 3770 1429 3832 continebit.
1468 3769 1560 3831 Haec
1582 3771 1639 3832 tibi

189 3875 323 3934 nimium
346 3871 492 3954 religiosa
515 3872 668 3947 videntur,
699 3885 754 3935 aut
777 3882 812 3934 ut
835 3883 869 3934 tu
892 3872 1042 3953 appellas,
1074 3872 1310 3947 melancholica,
1338 3872 1394 3935 sed
1430 3884 1537 3936 tamen
1560 3893 1642 3936 vera.

188 3976 313 4038 Verum
328 3976 407 4038 haec
430 3975 619 4058 propediem
635 3975 777 4040 Domino
792 3979 931 4057 propitio
954 3997 1064 4041 coram
1079 3998 1220 4062 agemus
1244 3977 1335 4041 Vale.
1359 3977 1411 4041 Ex
1427 3978 1571 4041 Veneriis
1585 3978 1641 4042 XI.

188 4079 326 4163 Augusti
349 4099 436 4142 anno
461 4080 552 4144 1491.

277 4306 353 4371 Ceho
372 4319 512 4372 Bohuslav
540 4319 649 4388 vraceje
677 4339 707 4374 se
735 4330 829 4376 zcest
857 4324 945 4392 svych
964 4341 981 4375 v
1000 4324 1162 4378 Benatlnlch
1188 4324 1286 4378 zlistu
1305 4324 1444 4378 Pisonova
1468 4342 1498 4379 se
1517 4326 1643 4390 dovedEI,

187 4406 282 4458 mohla
300 4403 359 4473 byei
377 4422 466 4474 pouze
485 4407 586 4475 zprava
605 4424 622 4460 o
632 4406 699 4475 jeho
718 4409 898 4464 kandidaruie
918 4410 1101 4480 kbiskupstvi
1121 4412 1352 4466 Olomouckemu.
1371 4412 1463 4466 Nebot
1478 4411 1515 4481 jii
1534 4431 1555 4467 r.
1575 4413 1643 4466 1490

187 4493 303 4562 ερτένεε
322 4491 476 4560 biskupstvi
495 4494 570 4555 toho,
590 4496 688 4563 slavnp
706 4497 757 4564 Jan
778 4496 890 4564 Filipec‚
910 4496 1008 4566 biakup
1027 4497 1214 4567 Varadinsky',
1238 4499 1356 4569 vyslovil
1375 4499 1421 4569 byl
1440 4501 1530 4570 timysl
1550 4501 1642 4555 vzdati

186 4597 217 4633 se
236 4579 368 4632 hodnosti
387 4578 545 4649 biskupalte.
566 4565 664 4649 Umysl
684 4590 731 4635 ten
750 4584 864 4652 provedl
880 4585 921 4637 sic
939 4592 1017 4653 teprv
1036 4604 1057 4639 r.
1071 4585 1139 4639 149‘2
1157 4586 1285 4655 vstupuje
1304 4586 1345 4641 10.
1359 4590 1463 4642 dervna
1475 4588 1511 4641 do
1524 4588 1643 4644 klaltera

185 4665 346 4719 bosackeho
366 4683 399 4718 ve
418 4666 574 4731 Vratislavi,
593 4669 681 4722 avlak
697 4668 735 4736 jii
753 4669 789 4721 od
808 4687 829 4722 r.
845 4668 912 4722 1490
930 4670 1069 4740 vyskytuji
1088 4689 1118 4724 se
1137 4689 1173 4725 na
1192 4670 1340 4743 biskupske
1359 4673 1450 4728 stolici
1469 4674 1644 4731 Olomouclre

187 4753 254 4806 novi
274 4749 357 4805 muii.
385 4753 419 4820 (0
438 4753 501 4806 νέεἰ
525 4771 617 4807 srovn.
644 4754 801 4808 Palackeho
819 4756 852 4819 V,
874 4757 896 4819 1,
921 4755 1069 4821 331-304,
1088 4775 1105 4810 ο
1125 4757 1269 4812 adresslttu
1292 4760 1449 4830 poznamliy
1467 4761 1591 4817 kliatitm
1612 4764 1645 4817 16

184 4858 202 4893 a
220 4836 278 4903 27).
306 4838 372 4892 Piso
395 4840 529 4908 podivaje
554 4841 742 4895 Bohuslavovi
768 4844 870 4911 zprivy
888 4860 952 4912 ony,
972 4845 1070 4912 zajiste
1090 4845 1136 4898 nic
1152 4844 1224 4913 jelte
1244 4847 1369 4912 nevedel,
1397 4847 1525 4916 zejmena
1542 4867 1559 4903 o
1577 4859 1644 4915 tom,

184 4926 219 5066 {e
236 4925 274 4994 jil
293 4925 422 5065 bgrpros.
437 4925 505 4979 1490
521 4928 609 4997 papei
628 4930 769 4983 Innocenc
785 4929 928 4997 jmenoval
944 4933 1055 4985 noveho
1073 4932 1191 5002 biskupa
1204 4933 1425 4990 Olomouckeho.
1443 4936 1554 5004 (Srovn.
1564 4954 1646 5007 pozn.

221 5012 287 5067 iistu
335 5015 362 5080 r).

274 5328 301 5393 ²³²)
320 5326 401 5379 Roz.:
420 5326 552 5380 Moravia.

235 5447 335 5489 Sbirln
355 5447 508 5498 pramen'lv.
528 5449 622 5502 Skupina
637 5450 710 5492 druht.
729 5442 794 5492 Clslo.
810 5450 828 5492 l.
