3696 5836
197 370 248 423 162
583 444 586 449 ἢ
872 366 965 425 1506.

195 583 288 644 nobis
311 584 461 656 imminet,
477 600 596 661 precor,
612 591 646 642 ut
662 600 704 642 ex
720 582 875 641 sententia
898 580 1029 641 alicuius
1051 580 1174 655 medici,
1190 600 1327 660 quorum
1352 601 1503 664 magnam
1520 585 1653 662 copiam

195 686 282 768 apud
312 697 344 748 te
375 705 446 748 esse
477 685 581 760 audio,
605 685 646 747 ad
678 704 730 746 me
756 685 886 760 scribas,
908 685 1026 764 quibus
1056 684 1304 760 medicamentis,
1327 706 1394 767 quo
1424 688 1519 760 victu,
1543 705 1653 766 quave

196 791 358 875 diligentia
380 789 563 852 huiusmodi
578 789 646 852 lues
669 790 768 851 arceri
789 791 900 869 possit.
923 789 1034 851 Facies
1056 801 1164 851 autern
1187 792 1353 854 certiorem
1366 789 1526 872 Joannem
1548 790 1652 866 lnlrof,

196 894 350 978 quidnam
367 896 443 956 mihi
466 914 509 955 ex
529 893 663 959 officinis
686 893 885 956 medicorum
908 895 1033 955 mittere
1054 892 1181 957 debeat.
1205 893 1296 969 Vale,
1311 896 1433 974 optime
1448 896 1652 957 suavissime-

195 1020 258 1082 que
281 997 471 1065 Bernharde.
499 997 556 1060 Est
580 998 665 1060 lama
687 997 774 1078 apud
797 1017 858 1060 nos
880 997 1044 1077 quendam
1066 998 1284 1080 prodigiosum
1306 1017 1444 1078 puerum
1466 998 1651 1062 Florentiae

195 1115 307 1167 natum
330 1121 415 1165 esse:
446 1105 472 1165 si
503 1101 581 1183 quid
612 1122 651 1164 ea
681 1101 722 1164 de
751 1122 787 1164 re
816 1112 1018 1182 compertum
1047 1102 1155 1178 habes,
1178 1101 1283 1178 facito,
1305 1114 1342 1165 ut
1370 1101 1413 1165 ad
1443 1121 1497 1166 me
1519 1105 1651 1166 scribas.

195 1209 312 1271 lterum
335 1207 412 1269 vale.
436 1207 489 1270 Ex
512 1205 734 1287 Hassensteyn
758 1208 787 1272 3.
812 1205 972 1270 Octobris.

283 1396 387 1465 Slavny
405 1393 491 1450 tiakal‘
509 1412 526 1448 v
544 1393 608 1448 lietu
626 1393 821 1464 ptipomenuty
839 1393 926 1448 Aldus
943 1394 1085 1450 Manutius
1103 1395 1167 1450 tialil
1186 1412 1203 1448 v
1221 1394 1383 1450 uentutch
1401 1397 1437 1451 od
1455 1413 1477 1452 r.
1497 1394 1577 1450 1488.

888 1711 958 1775 130.

590 1867 809 1942 Bohuslav
832 1867 942 1963 Janu
970 1867 1250 1942 Lachnerovi.

281 2057 302 2113 Ζ
322 2055 476 2114 ΗιεΙᾰῖοἰηι
494 2057 587 2125 (15118)
601 2086 630 2096 -
645 2057 672 2113 3.
691 2056 769 2127 illua.
799 2056 906 2125 Deliuje
928 2073 962 2110 za
980 2058 1124 2111 lekatsltou
1146 2057 1214 2111 radu
1236 2057 1420 2126 aosvddduje
1442 2059 1574 2128 upllmne
1592 2060 1652 2129 pla·

196 2145 288 2198 telstvi
307 2162 323 2198 a
339 2145 482 2198 vdednost.
501 2145 579 2197 Prosl
597 2160 630 2197 za
648 2144 720 2197 nove
740 2143 810 2213 leliy,
823 2143 967 2213 ponEvadl
985 2144 1057 2198 stare
1077 2143 1248 2213 pdsobivosti
1264 2143 1302 2213 jit
1320 2144 1448 2216 pozbyly,
1461 2162 1479 2199 a
1491 2145 1651 2216 oznamuje,

195 2231 227 2285 le
246 2231 373 2302 lldnych
391 2233 505 2301 receptu
524 2230 558 2284 od
577 2231 651 2284 ndho
670 2231 826 2286 neobdriel.
845 2231 924 2299 (Luc.
945 2230 1013 2300 117.)

278 2407 394 2490 Joanni
415 2408 568 2486 Lachner,
596 2407 789 2488 philosopho
812 2418 844 2469 et
867 2407 1000 2482 medico,
1031 2428 1054 2470 s.
1077 2407 1108 2468 d.
1140 2407 1265 2471 Literae
1288 2421 1369 2483 tuae,
1400 2429 1481 2490 quas
1503 2413 1651 2490 superio·

196 2514 283 2576 ribus
306 2513 419 2576 diebus
448 2513 490 2576 ad
514 2533 566 2576 me
588 2513 712 2586 dedisti,
736 2499 886 2594 magnam
917 2512 992 2573 mihi
1015 2512 1213 2592 voluptatem
1240 2513 1425 2589 attulerunt;
1454 2533 1531 2576 nam
1555 2527 1590 2577 et
1611 2535 1651 2577 ea

195 2620 312 2693 scribis,
337 2637 420 2700 quae
449 2618 620 2680 valetudini
643 2636 734 2679 meae
757 2616 950 2691 conducunt,
973 2626 1005 2677 et
1028 2636 1160 2679 ornnem
1182 2621 1312 2698 insuper
1334 2637 1466 2699 operam
1489 2638 1651 2701 perquam

196 2724 363 2786 liberaliter
390 2723 552 2802 polliceris.
584 2723 619 2784 ld
650 2722 725 2783 mihi
755 2732 862 2784 autem
892 2742 932 2782 eo
955 2724 1074 2802 gratius
1096 2734 1152 2795 est,
1182 2724 1336 2803 quoniam
1365 2723 1420 2785 tibi
1447 2742 1582 2802 prorsus
1605 2726 1652 2786 in·

195 2831 343 2910 cognitus
365 2847 446 2890 sum.
468 2825 556 2890 Solet
578 2829 661 2888 enim
684 2828 793 2887 nescio
809 2825 976 2905 quomodo
1000 2825 1149 2900 accidere,
1172 2837 1206 2888 ut
1229 2825 1392 2901 beneficia,
1415 2846 1499 2906 quae
1521 2839 1651 2907 praeter

196 2952 287 3012 spem
318 2933 348 2993 in
378 2951 439 2994 nos
468 2930 679 3005 conferuntur,
714 2932 892 3008 acceptiora
922 2932 983 2991 sint
1013 2929 1079 3004 illis,
1114 2948 1196 3009 quae
1226 2932 1318 2992 nobis
1348 2929 1456 2992 deberi
1486 2942 1649 3011 putamus

196 3037 291 3101 Unde
314 3036 357 3109 fit,
387 3047 422 3098 ut
451 3034 514 3097 hoc
544 3046 600 3098 tuo
631 3038 661 3096 in
686 3054 737 3097 me
763 3037 870 3096 animo
894 3033 1090 3096 fortunatum
1121 3052 1173 3095 me
1205 3034 1349 3110 iudicem,
1381 3054 1498 3114 nempe
1526 3039 1584 3116 qui
1607 3038 1650 3099 ab

195 3141 410 3204 adolescentia
434 3143 477 3202 ita
500 3142 596 3201 vitam
626 3141 754 3213 institui,
783 3150 819 3201 ut
846 3148 1001 3200 nontam
1025 3157 1136 3221 regum
1166 3141 1409 3220 principumque
1437 3139 1526 3202 favor
1549 3160 1649 3222 quam

196 3246 356 3308 bonorum
390 3255 422 3306 et
455 3264 581 3320 eorum,
622 3246 676 3324 qui
715 3243 845 3324 aliquod
884 3244 1004 3304 virtutis
1042 3253 1073 3304 et
1107 3242 1271 3306 doctrinae
1306 3245 1468 3322 specimen
1501 3264 1582 3324 prae
1616 3264 1651 3307 se

196 3351 308 3425 ferunt,
339 3349 529 3411 familiaritas
552 3350 752 3428 amicitiaque
783 3366 835 3408 me
857 3346 1068 3419 delectaverit,
1098 3347 1263 3426 velimque,
1295 3358 1330 3409 ut
1353 3366 1394 3408 ex
1416 3347 1479 3409 hoc
1501 3357 1651 3428 tempore

197 3456 304 3515 omnia
327 3475 345 3516 a
368 3473 421 3516 me
444 3464 474 3515 et
498 3464 650 3531 expectes
678 3462 709 3513 et
739 3453 805 3513 iure
836 3463 892 3512 tuo
919 3452 1036 3533 exigas
1067 3470 1141 3513 eum
1172 3451 1309 3532 denique
1340 3471 1392 3514 me
1414 3471 1485 3516 esse
1507 3472 1650 3530 censeaS,

197 3561 250 3641 qui
280 3560 337 3621 tibi
367 3558 541 3638 plurimum
567 3557 728 3618 afficiatur.
763 3556 877 3618 Precor
907 3566 1024 3631 autem,
1054 3566 1090 3618 ut
1119 3556 1197 3617 haec
1221 3557 1354 3635 perinde
1375 3558 1519 3636 accipias,
1549 3570 1650 3640 atque

196 3683 290 3725 ame
312 3664 498 3725 scribuntur.
544 3660 657 3742 Neque
686 3662 772 3722 enim
800 3679 842 3720 ex
872 3678 983 3721 eorum
1009 3679 1144 3721 numero
1173 3679 1253 3734 sum,
1288 3663 1342 3742 qui
1368 3661 1454 3724 aliud
1484 3663 1517 3724 in
1539 3662 1650 3745 lingua

196 3778 391 3849 promptum,
414 3765 500 3829 aliud
516 3768 547 3827 in
563 3775 694 3844 pectore
717 3764 860 3827 clausum
875 3764 1003 3839 habent,
1027 3783 1110 3845 quos
1127 3763 1318 3826 Homericus
1333 3763 1473 3828 Achilles
1492 3785 1528 3830 se
1543 3770 1650 3850 magis

195 3872 304 3935 inferni
327 3874 427 3951 portis
449 3869 600 3932 detestari
622 3872 672 3931 ait.
696 3868 867 3933 Caeterum
883 3879 917 3932 ut
934 3888 1006 3930 mea
1022 3869 1177 3930 beneficia
1197 3871 1312 3931 nemini
1327 3870 1524 3950 exprobrare
1545 3871 1651 3947 soleo,

193 3979 237 4039 ita
259 3978 394 4039 aliorum
417 3995 493 4057 erga
515 3994 567 4036 me
590 3978 701 4036 merita
723 3976 842 4053 passim
872 3971 1054 4052 praedicare
1080 3975 1211 4035 minime
1233 3974 1397 4049 erubesco,
1427 3974 1581 4056 maloque
1603 3978 1651 4038 in-

194 4080 320 4144 terdum
343 4083 374 4141 in
397 4081 506 4141 amicis
540 4078 682 4140 colendis
705 4078 841 4141 modum
865 4078 1029 4151 excedere,
1057 4096 1155 4157 quam
1177 4077 1335 4158 plerisque
1358 4089 1489 4140 naturae
1512 4099 1652 4143 consue·

193 4185 376 4266 tudinisque
392 4204 483 4245 meae
498 4185 614 4265 ignaris
629 4202 743 4262 parum
767 4192 876 4265 gratus
895 4182 999 4243 videri.
1023 4181 1113 4243 Vale.
1137 4181 1313 4244 Medicinas
1328 4183 1496 4246 adversum
1511 4195 1652 4263 pestem,

195 4308 275 4370 quas
297 4287 338 4349 ad
362 4308 414 4348 me
437 4289 554 4362 misisti,
585 4288 719 4349 arbitror
748 4305 834 4347 nunc
856 4288 936 4347 vires
959 4296 1117 4348 vetustate
1139 4289 1291 4350 amisisse.
1326 4287 1435 4369 ltaque
1458 4308 1582 4368 precor,
1614 4301 1653 4354 ut

194 4392 270 4454 alias
296 4394 363 4453 eius
393 4396 526 4474 generis,
557 4403 612 4453 aut
641 4394 666 4452 si
694 4390 769 4470 quid
800 4388 884 4452 aliud
911 4390 1047 4452 salutare
1071 4391 1145 4453 mihi
1176 4394 1343 4471 putaveris,
1373 4411 1500 4455 rursum
1529 4395 1652 4457 mittas.

190 4497 330 4579 Joannes
360 4508 467 4558 autem
491 4515 582 4557 meus
605 4494 729 4558 ln-Hof
754 4506 785 4556 et
807 4497 976 4574 pecuniam
1004 4514 1063 4574 pro
1093 4496 1258 4559 medicinis
1284 4496 1450 4577 impendet
1473 4497 1570 4559 etad
1596 4519 1653 4562 me

194 4601 321 4680 perferri
347 4601 477 4662 curabit.
522 4598 619 4678 Quod
643 4601 727 4659 enim
751 4600 900 4677 scripsisti
929 4602 1052 4661 misisse
1075 4612 1106 4662 te
1129 4601 1203 4663 milii
1234 4600 1392 4664 eiusmodi
1414 4601 1652 4668 medicinarum

194 4717 346 4783 receptas,
373 4706 452 4766 scito
475 4703 593 4765 nullam
624 4722 734 4764 earum
757 4703 799 4764 ad
823 4722 875 4764 me
898 4708 1085 4783 pervenisse.
1121 4706 1210 4767 llaec
1241 4709 1266 4767 si
1289 4708 1347 4768 abs
1370 4717 1401 4768 te
1423 4708 1652 4786 impetravero,

194 4827 347 4890 magnum
370 4819 504 4888 coeptae
535 4820 663 4869 nostrae
690 4809 845 4869 amicitiae
875 4810 1105 4870 incrementum
1136 4811 1312 4889 praebebis.
1343 4809 1460 4873 lterum
1483 4811 1563 4874 vale.
1596 4813 1654 4876 Ex

195 4912 417 4991 Hassensteyn
441 4912 468 4975 3.
493 4910 651 4974 Octobris.

279 5099 396 5153 Hledlce
415 5099 509 5153 klistu
527 5099 709 5168 pledeslemu,
728 5099 807 5168 ktery
826 5101 871 5153 mli
889 5118 903 5152 s
922 5101 1011 5154 nasim
1030 5099 1104 5153 totei
1123 5101 1218 5154 datum
1237 5101 1330 5163 denm‘,
1349 5102 1441 5155 mame
1459 5105 1528 5156 nale
1548 5120 1582 5157 za
1603 5123 1654 5160 ne·

193 5186 319 5254 spravne,
343 5188 386 5240 ale
410 5186 527 5255 opraviti
549 5186 577 5255 je
602 5189 698 5246 ovsem
724 5186 896 5246 ncmdieme.
933 5188 957 5241 0
982 5187 1095 5247 vrodenl
1119 5187 1183 5242 listu
1207 5205 1224 5247 a
1248 5188 1391 5249 adressatu
1416 5188 1460 5247 viz
1484 5191 1653 5264 pozndmltu

193 5272 292 5332 klistu
313 5272 370 5333 125.
