3660 5850
179 362 221 416 ’46
809 356 1019 416 1493-1494.

186 578 286 637 invitis
316 576 440 636 conari:
471 573 537 635 dixi
568 583 676 633 tamen
706 572 786 650 patri
811 570 957 642 Nicola0,
989 588 1072 649 quae
1102 567 1176 628 mihi
1211 570 1276 628 visa
1307 578 1388 628 sunt.
1426 565 1474 627 Ea
1497 567 1522 627 si
1545 565 1637 627 vobis

185 681 369 760 probantur,
393 680 475 741 benc
499 689 562 740 est:
585 679 633 738 sin
656 675 741 737 aliud
765 677 928 756 quippiam
952 677 983 735 in
1008 683 1148 734 mentem
1172 673 1265 746 venit,
1289 690 1345 750 per
1368 691 1420 732 me
1443 689 1508 731 non
1530 669 1637 731 solum

186 786 277 847 vobis
300 785 409 846 omnia
444 783 546 856 licent,
576 781 634 843 sed
664 782 760 842 etiam
795 799 847 842 me
875 777 1054 841 adiutorem
1089 775 1294 839 consiliorum
1327 787 1507 838 vestrorum
1542 774 1639 835 habe-

186 889 266 950 bitis.
291 885 418 950 Valete.

273 1077 333 1129 List
352 1084 430 1129 tento
449 1093 465 1128 a
484 1074 646 1141 nfsledujici
666 1075 719 1127 dva
739 1074 864 1126 ldademe
883 1089 916 1125 za
929 1072 1015 1125 sebou
1029 1090 1042 1123 s
1055 1071 1210 1138 neurbity'm
1224 1070 1367 1122 vrodenim
1383 1069 1438 1120 149⁴
1453 1068 1528 1131 -94,
1548 1067 1637 1121 adkoli

187 1164 282 1231 zajiste
307 1164 395 1232 psftny
420 1162 485 1232 byiy
504 1162 640 1215 vdelstch
666 1162 811 1214 mezerftch
831 1159 980 1227 dasovy'eh,
1008 1157 1151 1226 ponevadi.
1179 1160 1289 1210 vesmds
1317 1156 1401 1224 tvkajl
1429 1174 1459 1209 se
1487 1156 1549 1208 tete
1568 1155 1638 1215 veci,

186 1269 202 1304 a
222 1250 327 1318 nejsme
347 1258 402 1303 sto
415 1267 431 1302 z
443 1249 549 1302 obsahu
568 1248 675 1301 dobrati
695 1267 724 1301 se
738 1249 784 1301 dat
803 1245 971 1313 urditejsich.
991 1245 1092 1297 Vlistu
1106 1247 1201 1296 nasem
1221 1244 1349 1312 uvedeny'
1368 1242 1444 1313 posel
1464 1243 1498 1296 od
1514 1242 1636 1312 kapitoly

187 1337 304 1392 Milrulas
322 1337 368 1409 byt
387 1336 491 1407 nejspls
508 1336 590 1406 jeden
610 1336 806 1395 ztanovntku‚
822 1334 904 1402 jehoi
924 1333 1051 1404 ptijmeui
1071 1331 1213 1384 neznlme.

886 1651 938 1716 46.

514 1807 733 1883 Bohuslav
762 1807 964 1882 Kontadu
992 1804 1309 1882 Altheimerovi.

275 1998 479 2067 (1493-1494.)
507 1999 569 2067 Aby
594 2016 639 2051 mu
665 1998 794 2061 oznamil,
819 2016 853 2051 co
878 1998 999 2067 kapitola
1016 2015 1034 2048 v
1051 1996 1204 2049 zaleiitosti
1230 1995 1376 2065 biskupskc
1399 1995 1512 2049 udinila.
1543 1993 1635 2062 Lituje

190 2086 298 2155 stfly'ch
318 2086 436 2154 prbtablt
455 2085 525 2147 veti,
544 2102 561 2138 a
578 2086 627 2139 rad
646 2086 695 2154 pri
713 2084 750 2154 by
769 2084 895 2138 konedne
914 2083 1012 2137 dockal
1031 2100 1061 2136 se
1080 2083 1177 2137 konce.
1194 2084 1287 2150 (Nova
1306 2083 1384 2151 epist
1403 2100 1466 2151 app.
1483 2080 1520 2150 8.)

276 2278 358 2341 Patri
382 2277 535 2342 Conra'do
558 2277 730 2341 Aichamer
753 2300 776 2342 s.
800 2278 829 2339 d.
854 2277 963 2341 -Multa
986 2278 1028 2340 ad
1052 2297 1104 2339 me
1128 2278 1280 2359 quotidie,
1304 2289 1395 2358 pater
1417 2276 1576 2351 Conrado
1600 2277 1640 2339 de

187 2383 396 2447 Olomucensi
419 2385 548 2465 negotio
571 2383 779 2463 perferuntur,
796 2402 880 2463 quae
897 2402 968 2465 ego,
984 2384 1136 2462 quoniam
1159 2383 1201 2444 ab
1224 2383 1349 2445 incertis
1373 2392 1505 2444 manant
1527 2382 1641 2445 autho·

186 2490 281 2563 ribuS,
304 2488 460 2550 hactenus
489 2488 651 2568 parvifeci:
682 2508 767 2550 nunc
796 2498 913 2561 autem,
943 2506 1018 2548 cum
1047 2489 1163 2549 certius
1190 2485 1346 2566 quiddam
1376 2485 1639 2567 exploratiusque

187 2593 248 2654 huc
271 2594 401 2656 allatum
419 2595 458 2655 sit
475 2590 591 2675 (neque
615 2604 723 2655 tamen
747 2591 939 2665 huiusmodi,
955 2604 991 2653 ut
1011 2591 1087 2652 mihi
1109 2588 1299 2672 satisfaciat),
1323 2609 1365 2651 cx
1380 2602 1413 2653 te
1428 2591 1641 2670 potissimum,

186 2701 241 2776 qui
265 2697 415 2759 omnibus
437 2697 487 2758 bis
509 2716 575 2758 non
598 2694 704 2758 solum
728 2697 852 2770 interes,
875 2694 933 2757 sed
957 2697 1052 2757 etiam
1075 2714 1198 2775 praees,
1222 2694 1298 2775 quid
1321 2707 1449 2778 geratur
1475 2706 1642 2777 gestumve

186 2803 233 2875 sit,
257 2819 451 2883 cognoscere
473 2803 577 2880 cupio.
600 2799 707 2882 Aegre
730 2803 814 2861 enim
838 2801 905 2862 sero
929 2818 996 2862 rem
1020 2799 1061 2861 de
1083 2798 1135 2860 die
1150 2800 1182 2860 in
1205 2799 1290 2862 diem
1315 2798 1439 2874 differri,
1463 2818 1531 2861 non
1551 2798 1640 2878 quod

185 2904 389 2987 pontificatus
412 2906 525 2987 fastigii
549 2918 674 2986 praeter
697 2904 832 2967 modum
855 2907 915 2966 sim
937 2903 1074 2983 cupidus
1096 2901 1185 2987 (nam
1208 2915 1239 2966 et
1263 2914 1410 2966 anteacta
1432 2916 1523 2966 aetas
1546 2902 1641 2965 docet

187 3030 238 3072 me
261 3010 324 3072 hoc
346 3012 422 3072 vitio
445 3028 561 3084 carere,
578 3022 608 3072 et
625 3029 746 3085 omnes,
771 3012 825 3090 qui
842 3028 968 3072 mecum
992 3020 1164 3083 versantur,
1189 3009 1263 3070 mihi
1279 3019 1376 3071 testes
1395 3027 1467 3070 esse
1483 3006 1641 3088 possunt),

186 3114 244 3177 sed
276 3117 350 3194 quia
381 3117 413 3176 in
444 3114 547 3177 stabili
579 3113 737 3195 firmoque
766 3124 851 3177 statu
882 3116 1119 3195 quamprimum
1151 3112 1300 3176 collocari
1329 3112 1461 3175 mirifice
1495 3124 1584 3194 opto,
1608 3124 1642 3174 ut

186 3219 319 3281 tandem
342 3219 514 3300 aliquando
538 3222 643 3292 sciam,
667 3238 823 3298 quorsum
852 3237 1000 3279 normam
1031 3217 1165 3301 dirigere
1189 3228 1221 3280 et
1244 3237 1335 3280 curas
1365 3219 1643 3300 cogitationesque

186 3343 274 3385 meas
297 3335 483 3386 convertere
514 3335 677 3403 oporteat:
709 3326 786 3403 quin
814 3326 909 3385 etiam
941 3335 1110 3402 propterea
1141 3323 1246 3384 solum
1277 3323 1377 3384 rarius
1407 3320 1450 3382 ad
1472 3332 1504 3384 te
1526 3322 1641 3396 scribo,

186 3447 284 3508 quam
307 3438 361 3489 aut
392 3427 527 3490 fortasse
557 3428 643 3502 velis,
666 3438 721 3490 aut
745 3440 798 3490 tua
822 3431 852 3489 in
877 3448 928 3489 me
960 3430 1071 3490 merita
1103 3427 1274 3506 postulant,
1305 3424 1396 3506 quod
1425 3444 1493 3487 non
1516 3437 1641 3488 tantum

185 3533 393 3594 ambitionem
417 3532 475 3595 sed
499 3534 596 3594 etiam
616 3533 768 3594 umbram
792 3531 997 3613 speciemque
1020 3533 1087 3593 eius
1111 3533 1225 3593 mirum
1249 3532 1280 3592 in
1297 3530 1432 3592 modum
1457 3530 1640 3593 reformido.

186 3637 220 3698 ln
237 3638 415 3716 praesentia
438 3657 570 3717 quoque
586 3637 618 3698 id
634 3637 792 3698 duntaxat
808 3637 849 3699 ad
866 3636 1069 3699 scribendum
1093 3636 1257 3714 compulit,
1274 3646 1308 3697 ut
1324 3637 1349 3696 si
1365 3634 1471 3697 studia
1492 3645 1642 3698 conatus-

185 3759 249 3821 que
272 3742 364 3804 vestri
387 3741 519 3803 tandem
543 3740 640 3802 finem
664 3741 798 3804 habituri
823 3752 905 3815 sunt,
921 3761 988 3804 non
1004 3743 1137 3803 omnino
1160 3743 1333 3821 imparatus
1349 3741 1497 3801 inveniar.
1515 3738 1640 3801 Interim

184 3847 269 3906 enim
293 3844 355 3908 hoc
378 3848 559 3908 universum
582 3857 712 3924 tempus
735 3848 778 3908 ita
802 3846 939 3921 traduxi,
963 3848 1055 3926 quasi
1078 3866 1137 3920 res,
1160 3845 1201 3906 de
1218 3863 1283 3924 qua
1298 3843 1408 3926 agitur,
1431 3842 1507 3905 nihil
1530 3842 1642 3905 adme

185 3950 371 4029 pertineret:
396 3949 485 4029 quod
508 3960 618 4011 tamen
641 3969 660 4009 a
682 3959 714 4010 te
736 3950 934 4029 caeterisque
961 3950 1105 4030 patribus
1127 3951 1159 4011 in
1181 3950 1301 4011 bonam
1324 3958 1449 4028 partem
1473 3958 1642 4028 acceptum

187 4054 222 4114 iri
244 4072 348 4132 spero.
372 4053 465 4128 Vale,
488 4065 519 4116 et
535 4052 633 4126 effice,
650 4064 685 4115 ut
701 4054 887 4117 immortalis
910 4053 1062 4116 dominus
1078 4057 1139 4116 tuis
1155 4055 1353 4133 aliorumque
1369 4062 1497 4131 patrum
1513 4053 1643 4132 pientis-

187 4159 274 4219 simis
298 4158 495 4219 orationibus
518 4156 703 4219 sollicitatus
726 4158 866 4218 instituta
889 4169 992 4219 vestra
1014 4160 1058 4221 ita
1074 4159 1237 4241 gubemet‚
1260 4169 1295 4218 ut
1315 4159 1495 4218 animarum
1518 4167 1642 4218 nostra-

187 4279 258 4323 rum
281 4262 372 4324 saluti
397 4273 428 4325 et
452 4262 536 4340 plebi
560 4261 723 4323 Moraviae
746 4263 887 4323 maxime
910 4262 1069 4341 expediat.
1094 4261 1183 4323 Vale.

273 4485 405 4538 Adressat
432 4485 512 4552 podle
541 4485 688 4552 Augustini
717 4485 945 4538 Olomucensium
975 4486 1167 4554 episcoporum
1203 4486 1288 4539 series
1315 4501 1422 4538 recens.
1453 4486 1497 4537 Fr.
1525 4482 1644 4537 Richter

188 4579 235 4624 str.
256 4569 306 4622 17⁴2
322 4571 462 4637 jmenoval
482 4589 512 4624 se
530 4572 642 4625 Konrad
661 4572 815 4624 Altheimer
831 4573 929 4625 artium
950 4573 1047 4626 doctor
1059 4591 1075 4626 a
1088 4573 1133 4642 byl
1152 4574 1217 4625 sede
1237 4581 1354 4626 vacante
1371 4571 1478 4640 jednlm
1497 4570 1643 4625 zadmini-

188 4661 307 4712 stratorll
326 4657 478 4727 biskupstvi
499 4659 718 4721 Olomouckeho,
746 4659 864 4727 drumm
889 4660 942 4727 pair
966 4661 1048 4728 podle
1075 4660 1168 4727 listiny
1196 4660 1311 4713 archivu
1335 4658 1510 4728 kapitolnfho
1534 4674 1568 4711 ze
1587 4658 1642 4712 dne

190 4744 229 4798 18.
248 4762 332 4814 srpna
351 4745 482 4814 1-1tt3byt
501 4745 711 4814 arcijalrenJan
731 4763 745 4799 z
762 4746 895 4815 Jemnice.
915 4747 977 4799 Oba
995 4748 1076 4815 podle
1103 4747 1177 4800 listin
1197 4746 1357 4800 mestskdho
1375 4745 1491 4800 archivo
1510 4746 1644 4799 Olomou·

188 4832 277 4885 ekeho
296 4850 313 4884 v
332 4833 460 4886 hodnosti
489 4834 515 4885 te
535 4833 613 4885 trvali
643 4835 679 4885 do
699 4834 864 4901 nastoupeni
893 4833 1008 4902 biskupa
1027 4831 1183 4886 Stanisiava
1210 4850 1230 4886 r.
1251 4830 1325 4885 litu.
1355 4831 1513 4886 Ovrodeni
1531 4830 1579 4885 viz
1597 4848 1642 4901 po·

182 4919 307 4972 znamlru
327 4919 418 4972 klistu
438 4921 620 4988 pledeslemu.
