3660 5850
836 656 904 719 170.

486 810 705 885 Bohuslav
734 811 925 884 Rackovi
952 835 975 884 z
1004 811 1249 907 Doubravy.

216 1044 261 1079 ‚-
281 1017 318 1071 10.
332 1029 404 1085 pros.
423 1015 529 1084 deuje
547 1032 581 1070 za
599 1018 736 1070 venovrinl
756 1016 822 1070 sobe
841 1017 934 1085 spislru
955 1016 1004 1070 »de
1024 1016 1207 1070 conficiendis
1225 1016 1375 1086 epistolis«,
1388 1017 1466 1086 ktery
1482 1017 1593 1086 jairoito

140 1101 270 1171 prvotiny
288 1100 532 1172 humanisticlrych
550 1104 620 1156 snah
634 1104 802 1172 Rackovych
822 1103 904 1158 velmi
924 1104 1030 1168 chvall;
1050 1103 1057 1156 i
1077 1104 1227 1172 napomlna
1246 1104 1421 1173 spisovatele,
1434 1103 1489 1172 aby
1502 1122 1519 1157 v
1531 1120 1592 1158 sna·

140 1189 204 1242 ienl
221 1196 280 1242 tom
299 1190 414 1258 vytrval,
432 1205 450 1242 a
467 1190 603 1259 vytrva-li,
622 1191 693 1244 vesti
711 1209 758 1245 mu
776 1193 893 1246 slavnou
911 1190 1095 1245 budoucnost.
1114 1191 1194 1259 (Luc.
1211 1190 1264 1257 87.)

228 1382 387 1446 Roderico
410 1382 575 1446 Dubrawo
598 1384 627 1444 ll.
650 1385 680 1445 d.
704 1405 727 1447 s.
751 1405 779 1466 p.
804 1386 833 1447 d.
865 1385 943 1468 Legi
967 1386 1158 1466 opusculum
1189 1397 1288 1457 tuum,
1319 1386 1408 1466 quod
1432 1387 1473 1447 de
1495 1385 1593 1447 confi-

140 1487 261 1549 ciendis
284 1487 426 1567 epistolis
456 1490 642 1569 inscriptum
666 1489 742 1550 mihi
764 1489 885 1564 dicasti,
916 1489 975 1571 legi
999 1491 1075 1550 item
1105 1489 1265 1570 epistolas,
1296 1490 1476 1571 inquibus,
1510 1509 1594 1571 quae

141 1602 288 1655 accurate
307 1593 504 1672 praecepisti,
526 1592 669 1654 studiose
692 1592 923 1676 diligenterque
945 1595 1107 1668 observas,
1129 1594 1398 1673 vehementerque
1418 1594 1594 1656 admiratus

141 1715 222 1759 sum.
247 1694 282 1758 Si
305 1697 389 1758 enim
411 1698 567 1776 primitiae
597 1706 673 1759 tuae
696 1697 878 1760 huiusmodi
902 1708 985 1772 sunt,
1016 1697 1093 1778 quid
1116 1697 1310 1777 sperandum
1334 1697 1428 1759 nobis
1450 1708 1508 1773 cst,
1538 1699 1592 1760 ubi

140 1812 173 1863 et
194 1811 285 1863 aetas
305 1803 481 1876 accesserit,
503 1812 536 1864 et
557 1802 745 1863 exercitatio
767 1803 847 1864 vires
870 1814 967 1882 atque
989 1799 1038 1885 (ut
1061 1805 1104 1865 ita
1127 1798 1276 1884 dixerim)
1298 1821 1414 1865 nervos
1433 1804 1488 1864 tibi
1504 1802 1594 1865 addi-

141 1903 243 1966 derit?
274 1903 345 1986 Ego
368 1915 463 1981 certe,
498 1915 531 1966 ut
561 1905 674 1980 dicam,
705 1906 794 1986 quod
824 1907 936 1979 senti0,
967 1905 1015 1968 his
1045 1908 1107 1968 tuis
1137 1905 1308 1985 praeludiis
1330 1909 1422 1985 quasi
1445 1907 1594 1986 peculiari

142 2008 284 2089 quadam
307 2009 501 2089 reipublicae
515 2021 646 2072 nostrae
669 2010 814 2072 felicitate
837 2009 986 2084 delector,
1009 2030 1126 2090 nempe
1150 2014 1199 2073 cui
1216 2022 1250 2073 tu
1266 2012 1363 2091 paulo
1387 2023 1460 2093 post
1476 2029 1595 2094 magno

141 2123 334 2175 ornamento
357 2112 480 2175 futurus
502 2133 545 2175 es.
568 2114 807 2193 Praeripuerant
831 2114 1020 2193 iampridem
1044 2116 1180 2176 maiores
1202 2117 1303 2177 nostri
1325 2115 1456 2178 Graecis
1478 2114 1596 2176 Roma-

141 2221 254 2297 nisque
277 2219 321 2280 rei
337 2216 468 2279 bellicae
484 2218 626 2300 gloriam,
649 2217 761 2280 studiis
776 2230 883 2280 tamen
906 2219 1065 2281 literarum
1085 2219 1239 2280 hactenus
1253 2219 1467 2280 vincebamur.
1491 2217 1596 2279 Facile

141 2324 227 2384 enim
250 2333 318 2383 erat
340 2319 388 2403 (ut
400 2324 501 2401 inquit
514 2320 576 2403 ille)
598 2324 724 2384 vincere
748 2342 815 2384 non
837 2333 1067 2404 repugnantes:
1090 2322 1148 2386 sed
1170 2342 1254 2385 nunc
1277 2323 1420 2384 doctrina
1444 2332 1500 2384 tua
1515 2323 1598 2384 facta

141 2438 190 2488 est
212 2427 342 2488 victoria
365 2437 489 2487 nutans.
514 2426 628 2507 ltaque
651 2438 755 2488 macte
778 2429 891 2490 virtute
914 2447 985 2489 esse
1008 2428 1104 2488 iubeo
1128 2428 1310 2507 hortorque,
1334 2437 1368 2489 ut
1391 2429 1423 2487 in
1447 2427 1509 2488 hoc
1530 2427 1598 2505 pul-

142 2530 299 2593 cherrimo
322 2531 465 2592 instituto
482 2550 673 2610 perseveres,
696 2551 802 2613 neque
825 2534 953 2611 patiaris
968 2532 1000 2594 id
1015 2534 1106 2606 vitae,
1129 2532 1218 2611 quod
1235 2532 1289 2593 tibi
1306 2531 1440 2594 coelitus
1462 2531 1598 2605 dabitur,

142 2655 198 2714 per
219 2637 322 2696 otium
345 2645 377 2695 et
400 2634 582 2696 socordiam
606 2634 743 2697 effluere.
767 2635 811 2699 Ut
834 2638 920 2697 enim
943 2636 1059 2696 sermm
1082 2638 1125 2697 ita
1148 2647 1179 2696 ct
1202 2637 1363 2718 ingenium
1387 2637 1444 2696 nisi
1459 2634 1598 2696 subinde

141 2758 300 2814 exerceas,
330 2741 552 2818 corrumpitur,
582 2758 689 2820 neque
712 2742 817 2801 minus
840 2742 938 2800 animi
961 2740 1047 2800 bona
1071 2739 1260 2822 negligentia
1283 2752 1314 2803 et
1338 2742 1461 2822 ignavia
1484 2739 1598 2818 depra-

141 2854 263 2918 vantur,
286 2862 384 2923 quam
407 2845 480 2905 vitia
502 2844 610 2906 studio
633 2844 811 2924 laboreque
826 2847 1034 2926 corriguntur.
1060 2843 1150 2905 Haec
1172 2844 1289 2906 idcirco
1305 2845 1420 2918 scribo,
1444 2846 1596 2924 quoniam

141 2950 202 3010 etsi
223 2947 309 3011 laudi
332 2960 407 3010 tuae
430 2967 472 3009 ex
495 2950 602 3010 animo
626 2949 724 3022 faveo,
755 2951 786 3009 in
818 2949 964 3009 barbarie
991 2959 1099 3009 tamen
1122 2959 1231 3010 nostra
1260 2959 1291 3010 et
1314 2948 1514 3027 voluptatum
1542 2946 1597 3008 do·

141 3055 346 3115 rnesticarum
369 3052 462 3132 copia
478 3063 633 3133 tantoque
656 3051 816 3114 literarum
831 3061 1020 3130 contemptu
1044 3053 1101 3114 tibi
1123 3071 1189 3114 non
1205 3064 1348 3114 metuere
1371 3071 1438 3113 non
1453 3070 1596 3131 possum.

141 3153 312 3220 Caeterum
335 3158 362 3219 si
384 3157 585 3237 praestiteris,
619 3175 703 3236 quae
732 3158 838 3237 cupi0,
873 3167 904 3217 et
934 3156 1019 3217 bunc
1049 3175 1125 3238 erga
1152 3156 1258 3219 literas
1288 3156 1439 3218 affectum
1467 3157 1597 3216 minime

141 3262 299 3325 remiseris
329 3258 401 3346 (nisi
431 3280 484 3323 me
514 3271 627 3344 gustus
658 3257 746 3343 fallit)
777 3261 968 3340 propediem
998 3260 1116 3341 aliquid
1148 3281 1190 3323 ex
1221 3261 1347 3323 officina
1371 3272 1425 3323 tua
1448 3258 1597 3338 prodibit,

141 3366 232 3448 quod
254 3368 357 3447 patria
379 3366 511 3446 quidem
534 3367 681 3441 celebret,
716 3365 814 3427 docta
837 3377 945 3427 autem
970 3365 1058 3428 ltalia
1082 3362 1224 3428 invideat
1250 3376 1281 3427 et
1304 3384 1399 3428 suum
1422 3383 1493 3425 esse
1516 3364 1596 3425 velit.

140 3470 240 3550 Quod
263 3471 307 3532 ad
330 3490 383 3532 me
405 3473 526 3546 attinet,
549 3490 667 3554 magno
691 3469 768 3531 mihi
791 3469 901 3531 videor
924 3470 1036 3531 abste
1060 3469 1218 3532 beneficio
1235 3471 1376 3544 affectus,
1400 3471 1454 3549 qui
1472 3488 1523 3530 me
1539 3489 1597 3548 po·

140 3578 298 3638 tissimum
322 3574 476 3657 delegisti,
506 3577 595 3637 cuius
618 3575 760 3654 auspicio
791 3585 857 3636 tam
880 3574 1058 3656 elegantem
1083 3574 1223 3636 libellum
1246 3575 1277 3635 in
1301 3575 1405 3635 lucem
1428 3575 1596 3647 emitteres,

140 3680 314 3760 habeoque
336 3680 393 3742 tibi
415 3691 586 3760 propterea
608 3681 742 3762 gratiam
766 3679 986 3740 immortalem.
1009 3677 1077 3740 Fiet
1093 3679 1178 3739 enim
1201 3678 1341 3752 sortasse,
1358 3689 1400 3751 ut,
1416 3675 1504 3757 quod
1520 3695 1597 3738 cura

140 3784 360 3864 industriaque
376 3803 448 3846 mea
463 3786 590 3865 assequi
606 3803 670 3846 non
687 3783 786 3863 potui,
810 3782 842 3845 id
858 3793 912 3844 tua
928 3802 1088 3862 assequar,
1112 3783 1174 3844 hoc
1194 3793 1242 3843 est
1258 3802 1298 3843 nc
1313 3800 1433 3842 nomen
1449 3792 1596 3842 nostrum

140 3887 229 3968 apud
252 3899 401 3967 posteros
424 3907 554 3968 prorsus
577 3888 773 3970 incognitum
796 3887 844 3948 sit.
869 3885 959 3948 Vale.
984 3885 1172 3948 Decembris
1196 3885 1233 3947 X.

227 4111 289 4165 List
306 4118 385 4165 tento
404 4112 490 4180 vyllat
505 4109 559 4179 jest
578 4110 613 4163 od
627 4109 719 4163 Mitisa
737 4109 834 4177 zajiste
853 4109 1045 4179 zpiedmluvy
1063 4108 1158 4178 spislru
1177 4109 1316 4170 Rackom,
1333 4107 1410 4175 lrtery'
1429 4108 1497 4159 vsalr
1516 4108 1598 4159 nade·

140 4200 224 4269 psin:
249 4200 284 4252 de
303 4197 504 4267 componendis
522 4197 655 4266 epistolis,
680 4196 784 4265 ivysel
808 4197 911 4265 poprve
937 4196 988 4249 bez
1013 4197 1097 4250 udam
1123 4196 1205 4249 mista
1229 4214 1245 4249 a
1269 4195 1337 4248 rolru
1356 4194 1446 4263 (podle
1466 4193 1596 4246 Hainova

140 4285 332 4354 Repertorium
357 4283 626 4352 bibliographicum),
651 4284 774 4352 podruhe
795 4301 820 4337 -r.
840 4285 906 4335 1511
931 4300 965 4336 ve
991 4283 1075 4335 Vidni
1098 4284 1189 4351 (podle
1215 4281 1359 4351 Denisovy
1383 4281 1482 4334 Wiens
1507 4280 1597 4333 Buch-

139 4371 424 4440 druckergeschichte
442 4379 489 4425 su.
507 4370 560 4438 ro),
578 4371 679 4438 potretl
697 4388 718 4423 r.
739 4369 805 4422 ren
825 4388 842 4421 v
861 4370 965 4438 Lipsku
984 4369 1087 4438 <vvest
1105 4388 1122 4422 v
1141 4369 1351 4422 numentana
1371 4368 1529 4434 kninovne).
1557 4350 1595 4419 Ze

139 4460 179 4530 by
193 4461 284 4529 spisek
302 4468 358 4523 ten,
375 4459 422 4528 jak
434 4459 457 4528 J.
469 4458 578 4528 Jiredelr
591 4476 608 4509 v
623 4457 759 4511 Rukoveti
779 4458 877 4519 odivit,
892 4456 985 4510 sloien
1005 4455 1050 4524 byl
1069 4474 1091 4509 r.
1105 4455 1173 4508 1500
1191 4473 1207 4508 a
1225 4456 1318 4524 vyddn
1336 4473 1370 4509 ve
1382 4454 1465 4507 Vidni
1484 4471 1505 4507 r.
1520 4453 1595 4517 1505,

139 4547 208 4602 nenl
226 4549 353 4617 sprivno.
383 4545 516 4600 Rackova
535 4546 662 4598 »Vlasta‹
682 4545 763 4613 podle
789 4544 952 4612 piedmluvy
976 4544 1140 4596 dolroniena
1164 4561 1185 4596 r.
1206 4541 1280 4606 1501,
1299 4559 1317 4595 a
1334 4560 1352 4594 v
1370 4541 1529 4610 pledmluve
1546 4540 1595 4609 jeji

139 4635 218 4705 pravi
237 4652 275 4697 se,
295 4634 327 4687 ie
345 4634 391 4702 byl
410 4633 559 4701 spisovatel
578 4631 662 4685 zatlm
682 4629 747 4683 ‘llet
766 4648 783 4682 v
796 4630 866 4683 ltalii
886 4647 922 4682 na
940 4629 1060 4682 studiich
1080 4629 1171 4698 pobyl,
1192 4647 1208 4681 o
1227 4629 1305 4682 demi
1320 4647 1336 4681 v
1349 4629 1413 4681 listu
1433 4630 1528 4681 nalem
1548 4627 1594 4680 nic

139 4740 171 4775 se
186 4721 385 4792 nepiipominlt.
405 4720 501 4773 Ntlen
520 4718 595 4772 rudit
614 4718 679 4786 prve
697 4718 799 4785 vydam
818 4717 912 4786 spislru
926 4717 1056 4769 Rackova
1075 4717 1141 4784 pied
1160 4724 1238 4769 tento
1257 4717 1342 4785 pobyt
1360 4733 1377 4767 v
1390 4715 1469 4777 ltalii,
1488 4733 1505 4767 a
1523 4732 1595 4783 svy·

139 4809 235 4862 danim
249 4809 257 4862 i
270 4809 316 4861 list
329 4808 388 4870 nai,
402 4825 419 4859 v
432 4805 512 4859 nemi
525 4806 587 4858 take
602 4805 696 4858 Racek
711 4804 783 4872 jeste
803 4804 951 4857 mladikem
965 4804 1050 4855 slove.
1070 4806 1093 4856 0
1107 4803 1231 4855 Rackovi
1246 4803 1290 4856 viz
1302 4803 1406 4856 Archiv
1420 4789 1510 4870 Cesky'
1524 4803 1557 4864 V,
1571 4805 1595 4863 6,

138 4903 236 4965 potom
255 4895 356 4964 clanky
375 4893 407 4946 Α
427 4893 557 4961 Rezlrovy
576 4910 592 4942 v
612 4878 674 4945 Cas.
694 4893 763 4943 Mus.
786 4889 853 4943 1838
872 4898 918 4944 str.
939 4890 989 4940 150
1009 4907 1025 4942 a
1047 4889 1112 4942 1852
1131 4898 1177 4942 str.
1197 4889 1256 4942 511.
