3660 5850
268 344 321 399 224
959 346 1038 406 1511

268 561 414 639 quamvis
436 561 475 621 sit
497 561 644 621 vitiorum
668 561 839 623 acerrimus
862 559 1080 639 reprehensor,
1099 560 1156 622 sed
1179 563 1221 623 ita
1244 560 1390 622 libidines
1410 572 1442 622 et
1458 563 1531 624 vitia
1554 564 1624 641 ipsa
1640 564 1724 642 aptis

267 675 299 725 et
322 665 533 743 appropriatis
548 644 725 725 'coloribus
754 663 905 745 depingit,
928 677 963 728 ut
987 666 1104 744 quibus
1134 665 1185 725 illa
1215 667 1301 745 prius
1331 684 1391 727 ceu
1414 667 1559 738 obscura,
1582 676 1669 728 tecta
1692 677 1724 727 et

268 769 394 847 penitus
417 769 527 849 ignota
550 766 672 842 fuerint,
696 767 783 830 nuda
808 768 985 851 legentibus
1007 780 1040 832 et
1062 779 1172 848 aperta
1195 778 1373 832 cernantur.
1401 768 1509 849 Quare
1531 770 1664 850 nollem,
1688 781 1725 833 ut
1749 786 1752 791 ·

267 892 309 934 ex
331 873 469 935 lectione
493 873 590 950 ipsius
613 872 720 933 labem
742 871 882 951 aliquam
905 875 1038 934 noxiam
1060 872 1239 945 contrahas,
1263 872 1319 934 sed
1343 892 1484 936 reserves
1507 892 1584 936 eum
1607 873 1649 935 ad
1674 873 1725 934 hr-

267 978 374 1039 mioris
397 978 510 1039 aetatis
532 975 664 1039 validius
694 977 800 1037 robur.
835 973 920 1038 Cave
942 978 1038 1038 etiam
1062 987 1240 1056 corruptos,
1264 976 1461 1040 lascivientes
1488 987 1520 1039 et
1542 977 1725 1057 impudicos

267 1080 394 1143 sodales
417 1092 449 1143 et
471 1081 682 1142 contubernia
713 1080 847 1154 illorum,
871 1099 911 1141 ne
935 1091 966 1141 te
989 1080 1031 1142 ad
1055 1079 1173 1164 flagitia
1203 1080 1467 1161 foedissimasque
1498 1101 1628 1143 morum
1654 1101 1724 1144 cor·

267 1187 406 1266 ruptelas
429 1205 489 1247 ceu
512 1185 544 1247 in
566 1183 699 1263 aliquod
730 1183 868 1247 barathri
900 1187 1121 1265 praecipitium
1144 1204 1253 1246 secum
1277 1185 1404 1248 trahant
1447 1184 1534 1265 Quid
1557 1189 1644 1248 enim
1668 1187 1724 1247 tibi

267 1289 434 1369 prodesset
458 1292 603 1351 omnium
626 1307 731 1351 rerum
754 1291 882 1351 scientia
905 1299 936 1350 et
959 1290 1108 1370 cognitio,
1125 1291 1149 1350 si
1166 1288 1311 1368 perditae
1334 1300 1366 1350 et
1389 1291 1579 1368 prostitutae
1601 1289 1725 1370 pudici-

268 1396 330 1456 tiae
353 1413 412 1456 ceu
434 1394 509 1455 leno
539 1393 652 1473 aliquis
682 1393 913 1471 impurissimus
936 1392 1075 1454 viveres?
1105 1392 1230 1455 Literae
1260 1393 1344 1454 enirn
1375 1404 1506 1473 propter
1536 1403 1667 1455 sanctos
1692 1403 1726 1455 et

269 1497 424 1560 honestos
446 1518 554 1561 mores
576 1500 607 1560 in
631 1499 747 1578 primis,
764 1495 880 1558 deinde
903 1495 1073 1576 quomodo
1096 1498 1169 1559 vitia
1193 1507 1224 1558 et
1247 1495 1366 1559 scelera
1389 1498 1558 1580 fugiantur,
1575 1499 1724 1560 inventae

268 1614 349 1677 sunt,
372 1621 438 1664 non
461 1602 629 1682 quomodo
652 1603 849 1680 accipiantur
871 1612 904 1663 et
926 1613 1143 1662 exerceantur.
1170 1599 1254 1663 Cura
1277 1603 1371 1682 igitur
1393 1620 1522 1664 summo
1546 1602 1664 1677 studio,
1689 1612 1725 1662 ut

269 1709 300 1768 in
322 1709 457 1785 patriam
480 1708 584 1768 bonas
613 1718 698 1768 artes
728 1705 872 1768 honestis
902 1707 1045 1767 moribus
1075 1707 1261 1768 coniunctas
1283 1707 1408 1768 afferas
1444 1705 1528 1768 Nam
1551 1708 1578 1768 si
1599 1716 1634 1768 te
1655 1726 1727 1767 cor·

269 1823 409 1892 ruptum,
432 1811 673 1872 effoeminatum
704 1822 735 1872 et
766 1808 889 1892 flagitiis
919 1812 1091 1892 peregrinis
1122 1812 1324 1891 inquinatum
1355 1821 1511 1889 parentes,
1541 1811 1670 1892 cognati
1693 1819 1727 1872 et

267 1917 383 1978 caeteri
405 1917 499 1977 amici
523 1925 706 1996 agnoscent,
729 1915 772 1976 sis
795 1917 826 1975 in
850 1916 993 1976 omniurn
1016 1916 1218 1976 scientiarum
1241 1934 1358 1997 genere
1380 1916 1424 1976 ita
1446 1914 1571 1989 doctus,
1594 1917 1640 1977 ita
1661 1913 1724 1976 ele

268 2039 349 2102 gans
377 2032 409 2081 et
438 2030 691 2094 consummatus,
714 2031 748 2081 ut
779 2021 909 2081 scientia
939 2017 1127 2082 Ciceronem
1157 2030 1212 2081 aut
1235 2018 1411 2101 Vergilium
1442 2038 1582 2099 aequare
1610 2021 1725 2099 possis,

268 2143 334 2186 non
365 2125 423 2185 nisi
453 2134 641 2198 monstrum,
672 2122 779 2186 fabula
808 2133 840 2184 et
868 2123 1017 2185 ridiculus
1047 2125 1117 2184 eris.
1156 2123 1231 2186 Non
1258 2134 1291 2185 te
1320 2125 1405 2186 enirn
1437 2122 1547 2205 fugere
1579 2125 1724 2195 arbitror,

270 2248 369 2310 quarn
391 2229 438 2289 his
461 2230 541 2290 vitiis
564 2229 697 2291 obnoxii
720 2230 752 2290 in
775 2230 875 2308 patria
898 2238 1007 2289 nostra
1033 2229 1095 2288 sint
1118 2229 1207 2290 invisi
1230 2239 1262 2289 et
1285 2248 1412 2290 summe
1434 2228 1587 2289 omnibus
1610 2228 1725 2290 odiosi.

269 2331 368 2412 Quod
391 2336 417 2394 si
438 2333 574 2415 ignoras
598 2332 701 2395 disces
723 2330 772 2393 vel
794 2332 856 2394 hoc
880 2333 974 2394 unico
998 2332 1159 2412 exemplo,
1177 2331 1266 2413 quod
1289 2333 1346 2394 tibi
1368 2333 1504 2393 scribere
1527 2343 1559 2393 et
1582 2351 1726 2393 comme-

269 2456 393 2499 morare
408 2456 475 2499 non
491 2439 548 2498 erit
571 2457 590 2498 a
612 2437 781 2516 proposito
804 2447 915 2498 nostro
931 2435 1077 2497 alienum.
1101 2435 1317 2498 Evocaveram
1341 2446 1416 2497 ante
1432 2455 1533 2497 annos
1549 2434 1726 2497 duodecim

269 2544 300 2603 in
331 2544 466 2622 patriam
499 2553 643 2603 nostram
677 2560 719 2603 ex
749 2539 878 2603 Austria
909 2540 1146 2618 Hieronymum
1177 2539 1324 2614 Balbum,
1355 2539 1519 2601 hominem
1550 2541 1582 2601 in
1613 2539 1727 2602 studiis

269 2645 475 2708 humanitatis
505 2654 537 2706 et
567 2658 708 2724 utroque
741 2647 807 2707 iure
842 2664 908 2706 non
939 2643 1142 2706 mediocriter
1171 2643 1338 2717 eruditum,
1369 2655 1406 2706 ut
1435 2644 1521 2725 apud
1554 2663 1615 2706 nos
1644 2643 1727 2706 haec

269 2747 384 2811 eadem
406 2749 518 2822 studia
535 2769 619 2828 quae
643 2749 767 2810 Parisiis
790 2759 821 2809 et
839 2748 994 2823 Viennae,
1011 2747 1220 2828 profiteretur,
1244 2749 1412 2827 proposito
1435 2761 1467 2810 et
1490 2747 1642 2809 ordinato
1664 2750 1725 2811 sibi
1752 2736 1756 2741 ⁴

269 2862 357 2915 certo
388 2857 530 2932 praemio
553 2875 571 2914 a
595 2872 669 2935 rege
692 2864 723 2914 et
746 2854 887 2932 principe
916 2864 1037 2925 nostro,
1064 2852 1152 2931 apud
1183 2871 1281 2932 quern
1312 2865 1388 2915 tunc
1418 2853 1574 2915 secretarii
1608 2870 1726 2914 munus

270 2957 408 3020 obibam.
447 2956 509 3036 Qui
540 2959 571 3019 in
600 2958 804 3020 universitate
833 2956 983 3038 Pragensi
1012 2959 1204 3020 constitutus
1234 2956 1407 3019 nonnullas
1430 2957 1583 3019 lectiones
1610 2957 1726 3038 partlm

270 3061 398 3140 publice
420 3063 534 3140 partim
557 3062 589 3123 in
612 3064 736 3141 privato
758 3059 893 3143 legebat,
917 3079 1132 3143 magnamque
1162 3061 1346 3123 auditorum
1370 3061 1581 3142 frequentiam
1604 3059 1725 3132 habuit,

269 3175 302 3226 et
324 3167 355 3226 in
379 3184 497 3247 magno
520 3164 644 3227 honore
672 3165 715 3226 ab
745 3165 896 3228 omnibus
925 3164 1053 3227 habitus
1076 3165 1140 3240 fuit,
1164 3184 1223 3227 nec
1247 3185 1379 3246 parvam
1406 3167 1616 3244 pecuniarum
1639 3183 1727 3227 sum-

271 3288 358 3331 mam
381 3269 522 3350 collegit:
551 3280 725 3350 postquam
748 3279 856 3331 autem
880 3269 1045 3347 puerilium
1070 3289 1220 3332 amorum
1242 3280 1383 3332 sectator
1405 3281 1438 3331 et
1459 3269 1634 3331 iuventutis
1655 3288 1726 3330 cor-

270 3383 381 3453 ruptor
404 3372 621 3451 deprehensus
644 3383 701 3448 est,
717 3371 899 3434 incredibile
922 3372 1008 3435 dictu
1031 3384 1087 3448 est,
1104 3392 1201 3453 quam
1225 3374 1314 3436 brevi
1337 3375 1482 3436 omnium
1505 3373 1581 3434 odia
1604 3383 1728 3435 contra·

270 3478 352 3538 xerit
382 3487 414 3537 et
436 3478 561 3538 animos
591 3496 609 3537 a
632 3496 667 3538 se
695 3477 882 3538 alienaverit.
923 3476 1007 3539 Nam
1030 3496 1104 3538 cum
1127 3477 1259 3557 quidam
1286 3481 1316 3539 in
1340 3477 1470 3540 laudem
1493 3480 1593 3558 ipsius
1616 3477 1726 3538 nescio

272 3579 349 3659 quid
373 3580 436 3643 tale
458 3581 614 3644 iussisset:

568 3720 709 3782 »Primus
732 3719 774 3782 ad
797 3717 985 3782 Austriacae
1007 3719 1196 3801 pulcerrima
1218 3730 1302 3784 tecta
1325 3719 1471 3782 Viennae

608 3823 706 3888 Vexit
728 3822 881 3886 Arioniae
904 3843 1048 3888 consona
1071 3823 1124 3885 fila
1145 3826 1247 3903 lyrae;

565 3928 687 3992 Primus
710 3940 741 3991 et
763 3927 936 4003 Ausonios,
959 3927 1095 3990 Latialia
1117 3930 1223 4004 verba,
1246 3929 1373 4009 lepores

611 4032 717 4095 Intulit
739 4043 771 4093 et
794 4034 913 4115 gemini
936 4031 1011 4096 ditia
1035 4035 1102 4094 iura
1125 4033 1199 4107 fori;

565 4136 729 4199 Aeacidae
751 4134 870 4199 Chiron
896 4137 989 4199 docili
1012 4137 1069 4200 fuit
1092 4139 1152 4199 iste
1174 4139 1331 4211 iuventae,

610 4240 703 4304 Utilis
725 4241 855 4320 eloquio
878 4241 1025 4303 fertiliore
1048 4260 1190 4320 parens«

273 4378 332 4440 His
354 4380 488 4461 cognitis
511 4379 696 4462 magnificus
727 4378 892 4460 quondam
915 4382 960 4441 vir
985 4379 1164 4442 Bohuslaus
1189 4397 1280 4441 meus
1302 4398 1345 4439 ex
1369 4377 1556 4456 Hasisteyn‚
1580 4380 1730 4459 quamvis

272 4483 436 4545 hominem
460 4485 622 4564 inprimis
653 4485 788 4548 multum
819 4483 973 4546 dilexerat
1000 4495 1132 4563 propter
1155 4483 1376 4558 eruditionem,
1399 4502 1465 4564 qua
1486 4482 1670 4562 plurimum,
1694 4492 1729 4543 ut

271 4599 345 4649 ante
374 4587 478 4664 docui,
501 4588 643 4669 pollebat
667 4586 737 4672 (fuit
759 4589 844 4650 enim
875 4589 1020 4650 omnium
1052 4590 1214 4650 bonorum
1245 4608 1283 4649 ac
1305 4586 1525 4650 studiosorum
1548 4588 1729 4648 amantissi-

272 4710 351 4764 mus,
375 4692 602 4754 sceleratomm
632 4705 740 4753 autem
771 4693 839 4753 sine
870 4691 1122 4755 dissimulatione
1153 4693 1254 4755 hostis
1285 4687 1479 4771 acerrimus),
1504 4690 1622 4753 talibus
1645 4692 1729 4752 inter

272 4808 397 4858 caetera
420 4799 570 4875 praeconi
594 4795 726 4858 laudum
750 4798 818 4859 eius
841 4796 1022 4875 respondit:

567 4934 682 4996 Attulit
705 4937 730 4997 is
754 4937 847 4998 nobis
871 4936 982 4998 Musas
1004 4937 1157 5017 legesque
1180 4933 1326 5016 Lycurgi,

609 5037 725 5100 Attulit
747 5038 929 5102 Ausonium
952 5038 1208 5121 Cecropiumque
1231 5039 1360 5119 sophos,

566 5141 689 5205 Afferat
712 5154 752 5218 et,
775 5145 801 5204 si
822 5147 876 5218 vis,
899 5145 1031 5208 Pharios
1054 5143 1266 5223 Arabumque
1290 5145 1473 5225 magistros:

610 5246 751 5308 Tantum
773 5266 814 5308 ne
837 5268 943 5312 mores
966 5248 1079 5310 afferat
1101 5247 1152 5309 ille
1175 5266 1260 5310 suos.
