3660 5850
183 397 218 453 aa
444 355 449 365 ’
861 395 955 456 1490.

183 612 279 671 etiam
303 607 413 690 (quam
438 610 552 672 referre
576 630 640 671 non
664 606 811 690 possum)
835 610 973 681 habeb0,
997 610 1075 671 dnm
1099 610 1224 689 spiritus
1247 609 1307 672 hos
1331 621 1418 691 reget
1441 620 1538 682 artus,
1564 628 1634 690 gra·

184 717 269 776 tiam.
293 714 358 776 Sed
381 734 466 776 nunc
489 714 529 776 ad
553 714 687 792 Satyrae
710 714 860 776 iudicium
884 713 992 781 redeo,
1023 717 1052 775 in
1077 734 1142 794 quo
1166 715 1260 775 alium
1285 716 1430 793 quemvis
1452 712 1633 775 doctiorem

185 839 222 880 ac
245 821 448 880 literatiorenr
481 821 644 898 periclitari
674 820 767 880 velim
800 821 906 897 potius
937 838 1033 899 quam
1066 838 1125 879 me.
1164 817 1326 898 Quantula
1354 821 1439 879 enim
1463 821 1502 880 sit
1526 820 1557 879 in
1582 837 1633 880 me

184 926 230 984 vis
253 925 378 1004 ingenii,
402 923 555 1001 quantula
579 923 743 984 doetrinae
767 925 1075 1002 exercitationisque,
1103 925 1171 1002 ipse
1193 922 1297 985 vides:
1321 941 1425 1002 neque
1448 942 1525 984 vero
1548 921 1632 985 adeo

184 1026 353 1106 impudens
376 1025 524 1105 adeoque
554 1025 696 1106 perditus
719 1027 818 1087 videri
845 1025 971 1100 studeo,
995 1026 1084 1108 quod
1107 1027 1234 1108 aliquid,
1258 1029 1347 1089 cuius
1371 1026 1464 1106 plane
1488 1029 1633 1089 conscius

184 1131 259 1192 mihi
283 1150 346 1192 non
371 1151 451 1204 sum,
475 1143 594 1193 temere
610 1141 868 1212 arroganterque,
891 1130 923 1192 id
940 1132 1030 1210 quod
1049 1132 1190 1193 nonnulli
1215 1133 1341 1202 faciunt,
1366 1132 1441 1193 mihi
1464 1131 1632 1193 vendicare

184 1255 396 1316 praesumam,
433 1235 489 1296 sed
512 1254 618 1314 neque
641 1239 672 1296 in
696 1255 729 1297 re
752 1235 886 1297 literaria
921 1254 973 1297 me
996 1249 1081 1298 certe
1104 1239 1135 1298 in
1166 1236 1314 1298 secundis
1349 1238 1521 1317 tertiisque,
1544 1235 1633 1316 quod

184 1337 329 1402 Ciceroni
351 1340 518 1420 pulchrum
542 1339 715 1411 videbatur,
746 1343 920 1402 consistere
947 1353 1035 1420 puto,
1064 1341 1122 1404 sed
1145 1360 1219 1404 eum
1246 1359 1299 1402 me
1326 1343 1434 1422 potius
1456 1359 1527 1403 esse
1551 1340 1633 1416 νοΙο,

184 1463 282 1525 quem
306 1443 423 1507 Fabius
446 1444 596 1526 intelligit,
620 1463 693 1506 cum
716 1447 773 1506 ait:
809 1444 916 1507 Nemo
941 1458 1046 1507 tamen
1082 1448 1243 1528 reperitur,
1276 1448 1330 1526 qui
1360 1443 1467 1508 studio
1497 1443 1575 1507 nihil
1594 1447 1633 1507 sit

184 1562 412 1628 consequutus.
451 1547 502 1611 Sic
525 1551 633 1628 itaque
656 1549 730 1610 mihi
762 1552 909 1612 conscius
931 1549 1079 1628 Satyram
1114 1562 1201 1612 tuam
1236 1551 1395 1612 discutere
1427 1550 1534 1629 deque
1565 1552 1632 1628 ipsa

184 1656 393 1734 pronunciare
416 1656 545 1715 minime
569 1653 730 1728 auderem,
750 1657 809 1715 nisi
832 1659 899 1733 ipse
923 1655 954 1716 id
973 1655 1038 1717 fieri
1060 1668 1091 1718 et
1115 1656 1191 1716 velis
1206 1668 1236 1716 et
1253 1655 1372 1729 iubeas,
1395 1656 1484 1717 cuius
1499 1655 1632 1735 imperio

184 1777 361 1839 repugnare
384 1759 473 1819 nefas
497 1777 567 1819 esse
591 1761 706 1838 putavi.
745 1758 841 1820 Dicto
866 1762 972 1839 itaque
995 1779 1112 1840 parens
1134 1758 1282 1838 Satyram
1306 1772 1394 1821 tuam
1425 1756 1536 1841 (quam
1559 1759 1632 1819 mihi

184 1881 249 1923 non
274 1861 388 1946 legisse
411 1862 516 1924 solum
540 1883 577 1924 ac
600 1862 750 1946 relegisse
775 1861 832 1924 sed
857 1865 952 1924 etiam
977 1882 1074 1943 quam
1107 1867 1229 1943 optime
1257 1863 1424 1924 edidicisse
1452 1872 1485 1924 et
1508 1862 1583 1924 utile
1604 1872 1635 1923 et

185 1966 358 2028 iucundum
382 1966 486 2048 luerit)
512 1966 646 2029 multum
671 1967 789 2028 babere
813 1967 887 2028 salis
910 1980 941 2028 et
966 1966 1044 2028 sellis
1067 1966 1183 2041 iudic0,
1218 1987 1277 2028 nec
1299 1967 1446 2028 candoris
1469 1969 1575 2028 minus
1596 1976 1635 2040 et,

185 2071 275 2152 quod
298 2082 424 2150 satyrae
455 2073 620 2150 proprium
651 2082 708 2145 est,
743 2083 777 2133 ut
802 2070 995 2133 mordaciter
1023 2073 1065 2132 ita
1088 2073 1250 2133 verissime
1280 2071 1445 2150 improbos
1468 2069 1633 2131 hominum

185 2194 292 2236 mores
315 2177 492 2237 insectatur.
533 2175 607 2236 Non
631 2178 716 2236 enim
740 2175 849 2237 lictum
882 2178 1054 2255 quiequam
1086 2188 1139 2237 aut
1167 2176 1420 2236 commentitium
1450 2173 1558 2248 habet,
1581 2186 1633 2237 aut

184 2279 273 2359 quod
296 2279 403 2358 aliquo
427 2292 507 2341 teste
523 2281 780 2359 probationeque
800 2279 947 2363 indigeat.
972 2280 1059 2341 Luce
1075 2280 1206 2342 clariora
1229 2289 1312 2354 sunt,
1336 2299 1419 2359 quae
1434 2281 1633 2340 committere

185 2386 331 2465 gestiunt,
355 2404 437 2463 qnos
453 2384 612 2445 acerbitas
627 2383 761 2462 Satyrae
776 2384 918 2446 stimulat
933 2395 965 2446 et
981 2386 1100 2467 pungit.
1125 2382 1233 2463 Carpit
1248 2385 1332 2444 enim
1349 2382 1490 2444 mordaci
1505 2385 1634 2445 veritate

184 2490 328 2550 omniurn
352 2489 416 2549 lere
448 2487 598 2550 ordinum
625 2487 855 2567 delinquentes,
890 2489 931 2549 ab
955 2486 1020 2549 alto
1055 2498 1241 2569 magnatum
1275 2489 1430 2570 sanguine
1460 2490 1633 2568 insurgens

185 2611 305 2672 perque
329 2595 432 2654 minus
455 2592 579 2654 nobiles
602 2593 787 2665 discurrens
813 2595 931 2653 sensim
954 2592 995 2654 ad
1020 2592 1132 2673 vulgus
1156 2595 1310 2653 incertum
1329 2609 1432 2670 usque
1454 2589 1632 2652 descendit:

186 2707 216 2756 et
241 2698 363 2757 merito.
388 2695 519 2757 Nullum
543 2698 627 2757 eninr
652 2697 716 2757 lere
732 2698 913 2757 membrum
938 2699 968 2756 in
985 2707 1094 2759 nostra
1111 2696 1273 2777 republica
1295 2697 1441 2776 reperias
1463 2694 1552 2774 quod
1569 2713 1632 2755 non

186 2800 320 2861 fractum
336 2800 574 2862 debilitatumve
590 2805 697 2862 iaceat.
724 2800 832 2862 llabet
849 2814 1013 2879 praeterea
1028 2800 1142 2879 Satyra
1157 2820 1252 2882 grave
1268 2802 1299 2861 in
1315 2800 1479 2860 sententiis
1498 2798 1631 2879 pondus,

186 2903 348 2965 excultum
373 2906 403 2964 in
426 2905 529 2964 verbis
551 2904 766 2984 splendorem,
791 2925 875 2983 quae
898 2905 1028 2984 pulchre
1052 2903 1201 2966 translata
1217 2905 1312 2965 rebus
1335 2905 1498 2982 aptissime
1520 2903 1631 2963 cohae

185 3019 270 3068 rent:
300 3007 341 3067 ad
365 3009 443 3068 haec
479 3028 628 3089 magnam
661 3011 691 3069 in
715 3010 812 3070 rebus
842 3010 1001 3087 probandi
1036 3012 1107 3084 vim,
1138 3009 1310 3091 figurarum
1344 3018 1375 3068 et
1405 3008 1630 3068 sententiarum

186 3114 311 3192 copiam
335 3131 398 3173 non
423 3112 628 3183 mediocrem,
652 3125 683 3174 et
708 3113 797 3192 quod
822 3116 962 3174 maxime
993 3132 1120 3174 carmen
1154 3111 1335 3174 huiusmodi
1365 3109 1479 3172 decere
1502 3109 1630 3182 videtur,

185 3214 362 3277 libertatem
385 3236 488 3295 paene
513 3217 728 3279 Lucillianam.
751 3217 792 3279 Et
816 3221 884 3295 ipsa
908 3229 984 3290 tota,
1008 3221 1032 3278 si
1057 3220 1127 3297 quis
1151 3236 1222 3279 earn
1246 3216 1342 3296 paulo
1359 3215 1452 3277 altius
1467 3218 1631 3287 intueatur,

186 3320 264 3399 quid
287 3320 371 3381 aliud
402 3334 449 3382 est
473 3341 570 3401 quarn
604 3325 686 3384 vitae
721 3325 987 3403 ingeniorumque
1010 3321 1163 3383 eruditio?
1200 3319 1365 3401 Siquidem
1398 3337 1455 3398 per
1482 3337 1528 3392 ea,
1551 3337 1631 3397 quae

185 3444 287 3499 avare,
310 3428 456 3504 superbe,
472 3427 644 3500 luxuriose,
668 3426 828 3508 sacrilege,
844 3437 978 3499 versute,
994 3425 1115 3497 callide,
1138 3425 1224 3487 vafre
1240 3422 1454 3486 fraudulenter
1469 3442 1506 3484 ac
1522 3421 1631 3483 dolose

188 3528 269 3589 saeta
293 3528 475 3603 detestatur,
500 3530 576 3609 quid
599 3530 785 3611 fugiendum
801 3532 903 3604 nobis
927 3530 1044 3608 quidve
1067 3533 1134 3591 sine
1154 3531 1359 3591 contentione
1382 3525 1570 3588 imitandum
1586 3527 1630 3598 sit,

189 3632 284 3694 docet
309 3653 406 3713 quam
430 3636 636 3713 apertissime.
661 3634 753 3695 Plura
776 3638 807 3695 in
831 3637 899 3696 eius
927 3633 1056 3696 laudem
1081 3634 1187 3695 dicere
1216 3629 1420 3712 supersedeo,
1451 3650 1492 3692 ne
1515 3629 1632 3690 adulari

189 3740 289 3819 magis
312 3737 419 3798 videar
448 3758 545 3817 quam
576 3758 649 3799 vere
679 3739 817 3800 laudare.
858 3738 932 3799 lloc
964 3757 1062 3799 unum
1086 3740 1110 3799 si
1139 3737 1303 3812 addidero,
1334 3737 1469 3798 orationi
1500 3734 1630 3796 modum

186 3843 356 3921 imponam.
373 3842 510 3903 Felicem
527 3854 558 3904 te
575 3846 715 3916 nimium,
740 3842 907 3911 Bolruslae,
932 3846 980 3903 eui
998 3846 1160 3921 ingenium
1183 3845 1251 3920 ipsa
1266 3853 1377 3902 natura
1397 3850 1513 3918 potens
1528 3837 1631 3899 studio

187 3945 396 4025 doctrinaque
419 3951 551 4030 contigit
568 3949 756 4009 excoluisse.
782 3947 856 4008 Non
874 3961 905 4009 te
922 3948 1098 4027 poenitebit
1122 3959 1168 4009 tot
1191 3965 1291 4006 annos
1308 3944 1472 4006 Bononiae
1495 3941 1631 4021 alibique

188 4050 219 4110 in
242 4050 346 4112 studia
370 4054 480 4130 iugiter
503 4053 740 4113 incumbentem
764 4064 812 4113 tot
836 4062 960 4113 sumtus
983 4053 1102 4125 fecisse,
1126 4070 1199 4112 cum
1222 4050 1410 4128 sapientiam
1432 4047 1631 4125 eloquentiae

189 4157 390 4216 coniunctam
415 4159 502 4216 omni
537 4158 730 4234 patrimonio
762 4159 915 4235 omnique
946 4176 1044 4217 censu
1068 4157 1139 4216 hine
1170 4155 1336 4216 abstuleris
1364 4151 1631 4232 praestantiorem.

189 4255 396 4319 Fortunatam
428 4279 558 4339 quoque
588 4259 784 4332 Bolierniam,
815 4281 872 4321 sua
903 4263 928 4322 si
960 4262 1045 4320 bona
1077 4262 1167 4334 norit,
1201 4279 1284 4339 quae
1314 4256 1410 4319 talem
1445 4265 1631 4332 tantumque

188 4361 360 4435 alumnum,
380 4365 537 4442 prioribus
559 4363 606 4447 (ut
623 4384 683 4446 ego
700 4361 815 4446 sentio)
840 4364 953 4425 seculis
977 4384 1144 4444 nunquam
1160 4364 1311 4435 habitum,
1334 4358 1520 4442 possideret.
1544 4357 1632 4419 Haec

189 4467 218 4524 in
242 4478 330 4526 tuam
353 4480 384 4529 et
407 4467 540 4545 Satyrae
568 4481 642 4530 tuae
665 4469 792 4530 laudem
816 4469 936 4529 dixisse
959 4481 1007 4531 sat
1026 4471 1099 4529 erit:
1124 4467 1328 4547 nequeenim
1351 4467 1376 4525 is
1392 4482 1454 4547 ego
1478 4480 1556 4535 sum,
1579 4462 1632 4541 qui

189 4588 241 4628 me
263 4571 375 4632 laudes
391 4583 461 4632 tuas
478 4573 569 4651 plene
585 4588 616 4634 et
633 4593 691 4653 pro
708 4575 821 4635 merito
844 4592 984 4651 aequare
1000 4592 1096 4653 posse
1112 4583 1231 4651 putem,
1255 4589 1358 4651 neque
1381 4581 1412 4631 te
1428 4565 1511 4629 adeo
1535 4584 1632 4646 popu-

188 4673 260 4734 laris
283 4695 377 4736 aurae
401 4677 572 4755 cupiditate
604 4681 709 4759 agitari
735 4680 809 4751 seio,
834 4689 869 4738 ut
892 4677 983 4737 avide
1012 4677 1121 4738 laudes
1156 4688 1228 4738 tuas
1251 4675 1296 4735 vel
1325 4673 1430 4756 legere
1458 4672 1562 4750 possis
1584 4668 1633 4730 vel

188 4779 304 4853 audire,
321 4799 386 4858 quo
403 4783 476 4840 vitio
500 4801 564 4842 nou
582 4781 834 4843 Demosthenem
859 4782 971 4851 solum,
995 4784 1048 4860 qui
1072 4794 1103 4842 et
1127 4800 1256 4842 susurro
1279 4798 1382 4858 aquae
1405 4775 1632 4845 delectabatur,

189 4882 246 4943 sed
269 4886 363 4944 etiarn
386 4883 524 4946 Tullium
550 4898 694 4946 nostrum
718 4886 913 4946 laboravisse
938 4886 1079 4966 legimus.
1121 4884 1181 4945 llic
1209 4886 1293 4944 enim
1323 4883 1364 4943 ab
1387 4879 1490 4941 Lucio
1512 4876 1632 4939 Luceio

188 4990 235 5048 sui
261 4990 395 5047 nominis
419 4989 657 5050 illustrationem
681 5000 793 5068 petens
816 5012 854 5050 ea
878 4993 907 5049 in
932 5010 964 5049 re
987 4988 1155 5049 efficienda
1179 5006 1253 5048 eum
1277 4988 1362 5069 leges
1386 4984 1535 5045 historiae
1557 4999 1632 5062 neg·

189 5090 281 5171 ligere
298 5091 441 5153 hortatus
462 5104 517 5167 est,
534 5107 630 5174 atque
653 5097 753 5156 amori
775 5115 835 5155 suo
856 5094 1036 5173 plusculum
1053 5096 1157 5168 etiam,
1175 5111 1272 5173 quarn
1292 5093 1406 5152 veritas
1425 5085 1634 5160 concedebat,

190 5194 305 5276 largiri:
330 5218 347 5256 a
371 5216 437 5274 quo
460 5216 521 5278 ego
551 5210 582 5259 te
606 5200 681 5258 vitio
705 5208 829 5260 tantum
861 5201 974 5260 abesse
1004 5210 1160 5276 quantum
1187 5216 1238 5257 me
1261 5196 1302 5257 ab
1326 5195 1446 5256 Luceio
1476 5201 1508 5252 et
1531 5189 1633 5251 multo

190 5301 290 5381 magis
313 5319 411 5380 quam
434 5302 475 5362 ab
501 5301 631 5363 Helenis
654 5305 796 5365 seniores
819 5302 922 5383 plebis
945 5304 1137 5365 abscessisse
1160 5303 1234 5364 scio.
1266 5298 1358 5363 Haec
1380 5309 1462 5373 sunt,
1484 5313 1569 5376 quae
1592 5293 1634 5356 de
