3660 5850
184 367 217 420 tn
869 365 960 426 1497.

182 582 242 644 alia
266 581 458 657 huiusmodi,
482 602 566 663 qnae
588 585 702 661 cuique
725 601 818 643 snum
843 584 1003 663 ingenium
1028 585 1058 642 in
1078 582 1131 645 tali
1148 602 1224 645 casu
1239 593 1395 664 suggeret.
1419 578 1514 662 Quae
1528 591 1637 643 tamen

183 705 245 768 ego
268 705 326 764 pro
342 686 449 747 innata
465 686 539 745 mihi
556 685 714 747 modestia
731 685 820 747 facile
835 697 1075 748 contemnerem
1092 705 1197 766 neque
1213 686 1382 748 adversum
1399 706 1458 748 eos
1472 698 1636 759 certarem,

185 808 324 869 quorum
347 791 390 851 ita
412 788 575 868 depravati
599 800 673 851 sunt
696 809 810 856 mores,
834 801 869 850 ut
893 789 966 850 nihil
991 802 1122 865 rectum,
1145 790 1218 851 nihil
1243 790 1511 853 aconsuetudine
1525 809 1636 852 eorum

184 894 322 955 alienum
346 895 376 954 in
399 907 510 973 pectus
533 894 702 955 admittere
725 895 862 972 possint;
892 895 1045 974 quoniam
1068 904 1176 956 autem
1200 905 1231 955 te
1255 914 1394 975 quoque,
1418 897 1509 956 cuius
1530 905 1636 957 aucto

184 1000 259 1059 ritas
289 997 376 1077 apud
404 1016 455 1057 me
483 1000 624 1059 maxima
654 1008 710 1071 est,
742 998 789 1059 his
820 1000 939 1060 moveri
970 1000 1114 1069 arbitror,
1141 999 1285 1061 conabor
1312 1000 1368 1060 tibi
1389 1018 1522 1060 causam
1544 1001 1636 1061 ratio-

185 1122 324 1183 nemque
347 1101 466 1164 consilii
491 1104 553 1163 mei
576 1101 743 1181 explicare.
768 1101 898 1164 livoniet
921 1104 1006 1165 enim
1029 1102 1159 1163 forsitan
1181 1101 1245 1164 hoc
1267 1102 1377 1176 modo,
1400 1113 1435 1163 ut
1451 1104 1519 1165 aliis
1533 1104 1636 1171 etiam,

186 1207 302 1287 quibus
331 1208 508 1268 institutum
540 1217 685 1268 nostrum
715 1225 829 1285 pamm
860 1207 1021 1287 probatur,
1050 1206 1249 1269 satisfaciam.
1284 1206 1444 1269 Existimo
1467 1217 1576 1269 autem
1597 1219 1636 1282 te,

183 1330 267 1390 quae
291 1322 346 1373 tua
368 1311 511 1389 probitas
534 1322 589 1383 est,
613 1329 809 1389 quamquam
827 1309 986 1391 dignitatis
1002 1330 1093 1373 meae
1108 1309 1358 1374 studiosissimus
1373 1330 1416 1385 es,
1439 1311 1513 1373 nihil
1531 1323 1636 1373 tamen

184 1415 309 1494 cupide,
338 1414 413 1475 nihil
443 1416 598 1494 improbe,
629 1413 705 1475 nihil
736 1426 921 1495 arroganter
945 1435 963 1474 a
986 1434 1039 1475 me
1062 1414 1127 1477 fieri
1151 1415 1246 1487 velle,
1276 1415 1333 1477 sed
1359 1414 1636 1495 quemadmodum

184 1521 252 1599 ipse
274 1520 429 1592 virtutem,
461 1538 544 1598 quae
573 1518 643 1580 sola
666 1521 690 1580 si
714 1538 779 1580 non
807 1519 1023 1581 beatissimam
1053 1532 1085 1582 at
1113 1530 1198 1581 certe
1228 1520 1356 1580 beatam
1387 1518 1436 1601 (ut
1464 1519 1636 1581 doctissimi

184 1624 333 1686 homines
355 1624 528 1683 memoriae
551 1620 774 1703 prodiderunt)
805 1625 901 1684 vitam
931 1635 1092 1704 praestare
1124 1633 1240 1704 potest,
1269 1642 1397 1701 semper
1420 1623 1519 1703 plnris
1540 1642 1636 1703 quam

185 1727 307 1788 divitias
331 1727 536 1805 honoresque
559 1726 676 1801 feceris,
707 1728 750 1786 ita
781 1727 857 1787 mihi
887 1746 1018 1807 quoque
1049 1726 1230 1789 faciendum
1253 1745 1396 1802 censere3
1423 1731 1637 1808 nequeenim

185 1834 360 1893 constantis
383 1841 466 1893 esset
488 1830 530 1891 ad
561 1842 675 1892 nutum
705 1833 868 1909 imperitae
900 1831 1116 1903 multitudinis,
1150 1851 1233 1912 quae
1262 1833 1316 1892 vix
1346 1850 1490 1910 unquam
1521 1832 1638 1893 sincere

186 1937 432 2015 incorruptoque
454 1935 580 2009 iudicat,
610 1937 652 1996 ab
675 1937 856 1996 innocentia
880 1934 1046 1997 declinare.
1086 1935 1120 1996 ld
1144 1938 1169 1996 si
1193 1937 1236 1997 ita
1259 1954 1293 1997 se
1320 1934 1427 2008 habet,
1457 1935 1638 1997 confectum

185 2041 248 2100 iam
271 2042 435 2121 negotium
459 2050 517 2100 est.
555 2038 641 2118 Quid
666 2041 750 2100 enim
775 2041 824 2120 egi
846 2051 902 2101 aut
925 2040 1002 2119 quid
1026 2039 1148 2111 admisi,
1172 2039 1262 2119 quod
1286 2038 1360 2099 mihi
1383 2039 1450 2099 iure
1474 2040 1551 2100 vitio
1575 2037 1638 2099 dari

185 2143 304 2222 possit?
341 2143 524 2213 Procedant,
548 2145 572 2203 si
597 2143 709 2221 placet,
733 2143 762 2203 hi
786 2144 1019 2205 obtrectatores
1042 2145 1103 2203 mei
1128 2145 1158 2204 in
1181 2142 1352 2223 publicum,
1379 2152 1411 2203 et
1439 2161 1525 2221 quae
1548 2144 1639 2203 tacite

186 2248 217 2308 in
240 2246 428 2329 angulisque
452 2246 679 2325 obloquuntur,
703 2246 808 2326 palam
832 2259 991 2317 evomant,
1015 2267 1119 2328 neque
1143 2245 1218 2307 mihi
1243 2246 1425 2308 facultatem
1448 2245 1640 2309 defendendi

185 2350 426 2430 excusandique
443 2353 503 2412 mci
520 2353 719 2430 praeripiant.
737 2350 905 2411 Debcbam
921 2350 1037 2412 scilicet
1053 2353 1183 2425 ambire,
1200 2351 1388 2429 provolvere
1404 2369 1455 2411 me
1471 2350 1638 2412 hominum

185 2455 323 2535 pedibus
351 2453 542 2534 illorumque
570 2473 674 2535 genna
705 2455 861 2532 amplecti,
893 2454 1032 2533 polliceri
1063 2456 1214 2515 omnibus
1244 2466 1372 2516 montes
1399 2474 1437 2516 ac
1467 2457 1578 2527 maria,
1608 2465 1638 2516 et

187 2558 276 2638 quod
299 2560 381 2619 vitae
404 2559 580 2639 integritate
603 2562 729 2635 assequi
753 2578 819 2619 non
843 2561 941 2636 potui,
965 2559 996 2619 id
1020 2560 1155 2637 pecunia
1178 2557 1317 2621 tentare?
1342 2556 1414 2640 Ego
1435 2578 1514 2620 vero
1536 2558 1639 2619 valere

187 2674 219 2725 te
242 2664 392 2736 iuberem,
415 2664 440 2722 si
465 2663 538 2722 mihi
562 2662 654 2723 huius
677 2663 879 2741 turpitudinis
902 2677 1013 2726 auctor
1039 2683 1109 2725 esse
1132 2662 1237 2736 velles,
1268 2681 1373 2742 neque
1400 2660 1464 2723 nlla
1494 2661 1640 2744 dignarer

187 2769 331 2840 amicitia,
359 2786 444 2846 quae
475 2768 533 2827 nisi
564 2770 644 2827 inter
675 2768 780 2827 bonos
810 2778 841 2828 et
872 2770 986 2828 virtute
1016 2767 1134 2829 similes
1164 2786 1235 2828 esse
1265 2785 1330 2828 non
1360 2777 1478 2847 potest.
1516 2765 1641 2846 Quodsi

187 2871 262 2932 mihi
293 2890 376 2931 nunc
407 2871 549 2949 proferas
580 2890 786 2932 numerosam
818 2892 929 2932 eorum
961 2871 1137 2941 cohortem,
1171 2873 1225 2951 qui
1256 2889 1313 2950 per
1341 2870 1387 2931 fas
1417 2879 1449 2931 et
1478 2871 1571 2932 nefas
1600 2870 1640 2931 ad

187 2975 355 3058 dignitates
379 2976 607 3036 ecclesiasticas
629 2975 773 3049 tendunt,
803 2975 877 3036 nihil
908 2976 993 3037 aliud
1021 2975 1109 3055 qnod
1136 2974 1240 3035 dicam
1267 2973 1373 3035 habeo
1397 2975 1455 3036 nisi
1480 2973 1640 3052 publicam

187 3082 271 3140 viam
293 3090 324 3139 et
349 3079 410 3140 late
433 3090 596 3158 patentem
625 3098 677 3139 me
701 3100 767 3140 non
790 3079 895 3140 solum
919 3080 1195 3159 Pythagoreorum
1219 3079 1276 3140 sed
1299 3080 1394 3140 etiam
1417 3076 1550 3139 Domini
1573 3098 1641 3140 sen·

187 3185 286 3247 tentia
319 3186 432 3245 mirum
462 3184 493 3244 in
526 3183 660 3244 modum
690 3186 801 3244 timere
833 3186 995 3265 tutiusque
1030 3184 1160 3245 credere
1188 3202 1245 3245 eos
1272 3184 1370 3263 sequi,
1398 3183 1452 3262 qui
1483 3181 1643 3265 religionis

187 3300 315 3350 nostrae
338 3300 403 3349 tam
427 3287 571 3349 doctrina
595 3306 691 3366 quam
715 3289 924 3350 sanctimonia
948 3288 1069 3349 lumina
1091 3287 1251 3368 quaedam
1273 3286 1372 3348 habiti
1395 3296 1480 3360 sunt,
1503 3305 1641 3366 quorum

188 3412 285 3453 nemo
308 3391 466 3453 blanditiis
488 3404 520 3453 et
544 3390 634 3452 malis
657 3394 777 3453 artibus
800 3392 841 3453 ad
861 3391 1083 3471 pontificatum
1108 3393 1257 3470 pervenit,
1274 3409 1371 3451 nemo
1392 3392 1553 3453 sarcinam
1577 3401 1641 3451 tam

187 3515 317 3578 gravem
341 3515 407 3557 non
430 3496 651 3558 refonnidaiit.
677 3495 711 3556 ln
735 3498 830 3558 veteri
855 3507 1046 3558 testamento
1071 3495 1205 3557 liloises:
1241 3498 1313 3575 »qui
1335 3514 1396 3576 ego
1419 3513 1501 3569 sum,
1532 3495 1643 3574 inquit,

188 3611 222 3662 ut
245 3600 360 3662 vadam
383 3598 425 3660 ad
449 3598 649 3661 Pharaonem
673 3614 704 3660 et
728 3600 864 3661 educam
889 3600 971 3661 filios
994 3601 1088 3661 lsrael
1112 3600 1153 3661 de
1176 3598 1359 3681 Aegypto«.
1382 3598 1424 3661 Et
1449 3598 1642 3661 Hieremias:

190 3725 227 3765 »a
250 3725 268 3764 a
292 3724 319 3777 a,
342 3706 443 3784 inquit
466 3704 608 3777 domino,
632 3705 739 3765 neseio
764 3704 882 3784 loqui«.
908 3703 943 3765 ln
966 3706 1037 3782 ipso
1061 3705 1220 3765 nascentis
1243 3702 1393 3765 ecclesiae
1409 3704 1498 3764 initio
1513 3701 1645 3764 Marcus

188 3807 379 3889 evangelista
408 3807 556 3886 pollicem
585 3808 644 3869 sibi
674 3820 858 3886 amputasse
889 3808 1030 3881 traditur,
1061 3827 1126 3887 quo
1158 3807 1339 3869 sacerdotio
1369 3804 1519 3887 indignus
1550 3810 1644 3868 es'set.

187 3910 362 3994 Gregorius
386 3911 604 3973 Nazianzenus
634 3922 666 3973 et
688 3910 881 3973 Ambrosius
911 3912 985 3993 fuga
1015 3931 1051 3972 se
1078 3912 1120 3973 ab
1148 3913 1336 3991 episcopatu
1358 3908 1519 3972 vindicare
1542 3920 1646 3973 tenta·

188 4027 307 4090 verunt,
341 4035 480 4096 quorum
507 4016 593 4089 alter,
628 4028 662 4078 nt
694 4016 843 4079 Paulinus
869 4016 1016 4078 Nolanae
1050 4018 1182 4078 civitatis
1216 4015 1362 4095 pontifex
1395 4014 1512 4090 scribit,
1547 4017 1646 4077 etiam

188 4123 374 4202 prostitutas
401 4122 547 4183 mulieres
576 4122 618 4183 ad
648 4141 684 4182 se
711 4121 866 4183 introduci
898 4121 1024 4200 publice
1059 4122 1155 4194 iussit,
1190 4130 1224 4182 ut
1258 4118 1369 4199 populi
1391 4116 1647 4181 Mediolanensis

188 4226 294 4287 studia
316 4246 335 4286 a
358 4246 392 4287 se
413 4227 476 4288 hoc
503 4226 603 4288 modo
631 4236 793 4288 averteret.
831 4224 1032 4307 Augustinus
1055 4235 1087 4285 et
1110 4222 1284 4305 Gregorius
1306 4222 1475 4284 Romanus
1496 4223 1563 4284 vim
1587 4223 1648 4285 sibi

189 4330 307 4392 illatam
329 4342 512 4410 queruntur,
535 4331 749 4393 Bernardinus
764 4329 914 4394 SenensTs
936 4341 1000 4391 tres
1019 4332 1223 4409 episcopatus
1239 4339 1355 4407 sponte
1370 4327 1500 4390 oblatos
1514 4330 1647 4409 respuit.

190 4434 302 4513 Nuper
314 4437 409 4496 etiam
421 4434 563 4515 joannes
579 4438 720 4515 quietem
736 4438 920 4496 monasterii
936 4435 1197 4513 opulentissimae
1212 4431 1365 4494 ecclesiae
1380 4430 1647 4494 Waradiensium

187 4539 340 4601 antetulit.
380 4538 438 4599 llis
465 4559 527 4621 ego
558 4539 694 4600 ducibus
725 4539 773 4600 vel
804 4559 907 4600 errare
938 4538 1103 4600 maluerim
1135 4556 1232 4616 quam
1259 4534 1422 4610 cumillis,
1453 4537 1510 4616 qui
1535 4538 1650 4599 omnia

187 4642 327 4704 humana
343 4663 418 4722 prae
434 4640 580 4723 divinis*)
604 4655 766 4721 spernunt,
782 4656 868 4705 reete
892 4646 1024 4717 sentire;
1048 4661 1153 4722 neque
1176 4653 1284 4704 tamen
1300 4659 1341 4702 eo
1357 4642 1499 4719 processi
1515 4644 1651 4704 temeri·

186 4749 267 4817 tatis,
291 4760 325 4808 ut
348 4766 400 4807 me
422 4750 516 4808 tantis
540 4747 724 4809 hominibus
747 4748 891 4808 conferre
913 4747 1060 4808 audeam.
1099 4743 1249 4807 Ceterum
1279 4745 1304 4806 si
1327 4744 1367 4818 hi,
1397 4746 1453 4823 qui
1476 4764 1496 4804 a
1520 4749 1651 4817 teneris,

185 4862 219 4911 ut
244 4850 304 4911 dici
328 4850 417 4926 solet,
442 4852 618 4934 unguiculis
641 4852 774 4913 domino
801 4851 1020 4925 militaverunt,
1053 4849 1124 4912 loca
1154 4850 1301 4911 sublimia
1331 4849 1418 4911 veriti
1449 4860 1537 4925 sunt,
1570 4850 1652 4930 quid

185 4954 259 5014 milri
283 4956 477 5033 sperandum
500 4967 558 5030 est,
582 4957 635 5035 qni
666 4973 705 5015 ne
731 4955 910 5016 rudimenta
942 4954 1073 5034 quidem
1107 4955 1175 5014 eius
1203 4954 1333 5014 militiae
1361 4951 1473 5035 attigi?
1510 4952 1653 5016 Possem

185 5077 269 5119 nunc
293 5060 367 5119 item
390 5078 645 5120 commemorare
675 5058 868 5119 infinitorum
893 5058 957 5119 fere
981 5061 1209 5137 episcoporum
1232 5056 1430 5119 miserabiles
1453 5076 1563 5134 casuS,
1594 5066 1652 5141 qui

273 5283 299 5349 ²²²)
317 5280 392 5334 Snad
415 5283 531 5349 naopak.
