3660 5850
186 367 237 422 146
863 364 954 423 1505.

184 582 259 642 nihil
283 582 436 642 hactenus
459 579 500 640 ad
524 599 562 640 ea
586 578 785 659 respondisti,
808 598 922 658 precor
944 599 1060 653 rursus,
1085 590 1119 640 ut
1143 580 1198 640 tibi
1214 598 1308 640 curae
1331 581 1401 640 sint.
1426 578 1544 661 Agitur
1567 599 1633 640 narn

184 706 234 746 res
257 704 337 759 mea,
361 695 392 747 et
409 703 507 765 quam
530 702 728 766 cognoscere
751 685 885 744 omnino
909 702 1026 762 operae
1049 684 1190 763 precium
1213 693 1269 744 est.
1293 681 1391 762 Quod
1408 683 1451 745 ad
1468 694 1501 744 te
1523 684 1634 758 attinet,

185 790 307 864 vellem,
331 800 366 851 ut
388 790 521 850 nomina
545 787 722 849 officiorum
753 798 882 849 tuorum
905 787 947 848 ad
971 807 1023 848 me
1046 788 1174 862 scribas
1205 798 1268 861 aut,
1292 797 1327 849 ut
1349 788 1491 866 apertius
1521 787 1633 867 loquar,

184 892 318 968 titulum,
342 913 408 974 quo
431 895 535 966 uteris,
560 891 636 953 mihi
659 889 824 973 significes.
849 889 934 952 Nam
957 903 1084 972 praeter
1107 910 1226 953 nomen
1248 890 1383 953 familiae
1399 902 1527 953 caetera
1542 894 1633 971 suspi-

184 1017 240 1059 cor
262 1000 375 1080 magis,
398 1017 496 1076 quam
519 997 594 1058 scio.
619 995 654 1058 ld
679 1005 850 1075 propterea
872 998 986 1070 scribo,
1009 997 1163 1075 quoniam
1187 994 1321 1056 daturus
1344 1014 1416 1057 sum
1440 1014 1584 1074 operam,
1604 1007 1632 1057 ut

183 1123 202 1164 a
225 1102 348 1183 magnis
371 1103 442 1162 viris
465 1101 508 1162 ad
531 1112 563 1162 te
586 1102 749 1173 scribatur,
781 1097 870 1180 quod
894 1099 1035 1162 fortassis
1064 1101 1118 1175 rei,
1142 1098 1183 1161 de
1205 1118 1270 1179 qua
1293 1101 1404 1182 agitur,
1435 1119 1502 1161 non
1529 1120 1629 1181 parum

184 1205 352 1268 conducet.
375 1205 426 1267 Ne
441 1215 550 1267 autem
575 1214 668 1285 putes
684 1222 737 1264 me
752 1201 863 1264 Musas
878 1222 1010 1283 prorsus
1033 1205 1199 1287 negligere,
1219 1206 1330 1285 accipe
1346 1204 1409 1265 hoc
1426 1205 1628 1279 tetrastichon,

183 1330 290 1389 neque
313 1310 442 1383 mireris,
465 1308 491 1371 si
507 1309 710 1370 obscoeniori
733 1308 883 1382 fortasss,
907 1327 1004 1388 quam
1028 1328 1086 1388 par
1108 1319 1165 1384 est,
1181 1307 1385 1371 similitudine
1403 1320 1486 1383 utor,
1509 1309 1625 1389 quando

184 1433 250 1476 non
273 1412 454 1488 deluerunt,
477 1415 531 1494 qui
555 1423 659 1474 morte
690 1410 829 1474 Africani
851 1413 1083 1494 rempublicam
1106 1424 1277 1475 castratam
1301 1412 1453 1475 dicerent.
1476 1412 1565 1474 Vale.
1586 1411 1623 1475 Ex

187 1518 411 1598 llassensteyn
437 1519 485 1582 14.
508 1517 672 1580 Februarii
694 1536 780 1579 anno
803 1517 912 1579 salutis
937 1517 1029 1582 1505.

496 1656 640 1736 Deponit
662 1668 768 1718 castor
791 1667 889 1718 testes
912 1658 1051 1718 instante
1074 1656 1204 1736 periclo,

540 1760 582 1824 Et
604 1772 794 1825 venatorum
817 1764 861 1824 sic
884 1761 962 1845 fugit
985 1762 1132 1837 insidias,

498 1865 639 1945 Deponit
663 1869 773 1928 vitium
797 1864 912 1929 Castor
934 1885 1027 1928 meus
1050 1879 1082 1929 et
1105 1865 1188 1928 mala
1212 1877 1327 1928 cuncta

542 1970 689 2046 Pectoris
712 1982 742 2033 et
765 1968 884 2052 Stygiis
907 1973 951 2032 sic
974 1980 1065 2033 cavet
1088 1991 1107 2031 a
1130 1972 1261 2051 laqueis

274 2158 395 2212 Vrocenl
421 2157 551 2210 Mitisovo
569 2158 621 2210 zda
640 2175 670 2210 se
689 2159 838 2226 spravnpm
861 2157 1006 2211 vzbledem
1027 2159 1043 2211 lr
1063 2158 1180 2211 naralee
1199 2175 1235 2211 na
1254 2156 1407 2218 adleiitost,
1427 2174 1444 2209 o
1464 2156 1506 2209 nii
1528 2153 1614 2208 Pibrovi

187 2248 228 2299 §lo
248 2250 350 2310 (srovn.
373 2245 529 2314 poznamku
548 2246 565 2298 k
583 2245 647 2298 listu
674 2244 905 2312 ndsledujielmu),
933 2243 1024 2297 ackoli
1045 2244 1123 2312 jinak
1147 2244 1192 2298 list
1216 2262 1233 2296 v
1251 2244 1325 2297 dobu
1350 2244 1482 2297 mnohem
1505 2239 1615 2305 srarstby

189 2334 269 2387 musil
288 2332 414 2386 naleieti.

883 2581 952 2644 lltl.

606 2716 826 2792 Bohuslav
852 2717 1006 2813 Janovi
1033 2741 1057 2790 z
1085 2717 1226 2815 Pibry.

277 2888 297 2943 Ζ
317 2886 472 2946 tlrstltrtrr
491 2889 556 2945 15⁰5
576 2918 606 2927 -
625 2889 662 2944 31.
682 2885 791 2946 blezna.
828 2890 934 2958 Debuje
953 2908 986 2944 za
1004 2890 1126 2959 piispenl
1144 2908 1162 2942 v
1180 2889 1334 2943 zaleiitosti
1357 2889 1461 2958 pobytu
1480 2907 1515 2942 na
1533 2876 1645 2956 Ojvinl·

190 2978 223 3028 ad
235 2975 301 3044 bylo
314 2976 459 3044 neplodne.
479 2975 607 3043 Zvestuje
620 2976 703 3029 dmrti
716 2975 878 3030 sluiebnlka
897 2979 984 3030 sveho
1000 2978 1118 3041 Lukaie
1132 2995 1149 3031 a
1161 2976 1193 3031 ie
1206 2994 1260 3046 pan
1279 2965 1426 3030 Sebestian
1439 2995 1457 3030 u
1472 2961 1649 3046 pribuznf'rh

190 3062 346 3132 Pibrovy‘ch
366 3079 399 3115 ve
418 3062 563 3115 Frankttch
584 3080 600 3115 o
619 3063 705 3130 svy’clr
725 3080 741 3115 a
758 3063 825 3131 jeho
843 3066 949 3117 vecech
965 3063 1058 3133 jedntt.
1078 3065 1170 3131 (Nova
1188 3064 1267 3132 epist
1285 3081 1348 3133 app.
1366 3062 1420 3131 tr.)

273 3238 385 3321 Joarmi
416 3260 475 3301 suo
500 3239 541 3301 de
564 3239 657 3300 Pibra
680 3259 703 3300 s.
727 3259 756 3319 p.
781 3241 811 3302 d.
846 3240 938 3321 Quae
969 3242 1010 3303 ad
1042 3261 1094 3302 me
1123 3243 1281 3320 scripsisti,
1305 3240 1441 3302 libenter
1467 3238 1535 3322 legi,
1557 3220 1669 3302 sens'l

191 3346 276 3406 enim
300 3363 433 3423 operam
456 3355 545 3405 tuam
569 3344 645 3405 milri
667 3344 698 3404 in
722 3360 755 3405 re
779 3343 978 3423 Oyu'iniensi
1002 3347 1131 3407 minime
1154 3345 1301 3407 defuisse.
1334 3344 1451 3424 Neque
1473 3364 1526 3405 me
1548 3337 1669 3406 etiass

190 3448 357 3511 consilium
381 3458 412 3509 et
436 3449 613 3509 institutum
644 3467 756 3510 eorum
788 3461 914 3529 patrum
942 3450 1084 3523 offendit,
1107 3468 1225 3529 nempe
1255 3451 1310 3528 qui
1339 3467 1445 3510 rerum
1470 3446 1669 3509 divinarssn

192 3551 455 3632 contemplationi
478 3551 576 3613 dediti
600 3571 618 3612 a
642 3554 735 3614 nobis
757 3554 897 3632 profanis
927 3566 1040 3633 utpote
1070 3555 1171 3616 sancti
1201 3554 1254 3614 otii
1279 3554 1498 3615 turbatoribus
1520 3549 1669 3625 semp‘

191 3659 374 3731 abhorrent,
398 3676 584 3736 quanquam
608 3659 637 3717 in
661 3656 723 3718 hoe
747 3657 878 3719 forsitan
910 3657 1066 3732 falluntur,
1090 3657 1179 3739 quod
1202 3677 1254 3718 me
1277 3677 1319 3718 ex
1341 3659 1479 3719 aliorum
1503 3655 1669 3718 moriD¹

192 3762 330 3825 iudicant
353 3774 385 3825 et
407 3763 478 3840 plus
501 3763 621 3835 timent,
646 3780 743 3841 quam
774 3762 935 3825 timendus
958 3782 1038 3825 sum.
1071 3762 1284 3824 Decreveram
1311 3772 1397 3824 certe
1421 3760 1663 3840 aliquantis?

191 3865 278 3946 apud
293 3886 351 3927 eos
366 3868 482 3928 versari
504 3885 609 3945 neque
632 3865 803 3927 valetudini
827 3886 919 3927 meae
943 3877 1067 3928 tantum
1091 3865 1148 3928 sed
1171 3867 1267 3928 etiam
1291 3868 1436 3928 moribus
1459 3867 1669 3936 animaeCD

192 3972 377 4052 consulere3
402 3971 505 4033 solent
528 3972 612 4031 enim
637 3990 751 4032 omnes
774 3973 954 4033 animorum
978 3968 1048 4054 (sic)
1071 3972 1148 4033 boni
1171 3991 1277 4033 mores
1300 3990 1343 4032 ex
1361 3972 1522 4033 bonorum
1546 3971 1669 4032 hoss

191 4094 269 4136 num
300 4074 531 4136 consuetudine
562 4075 795 4136 incrementum
826 4094 949 4154 capere.
984 4074 1147 4153 Quoniam
1178 4085 1286 4138 autem
1316 4075 1378 4138 hac
1400 4097 1459 4156 spe
1481 4073 1665 4137 frustrat

192 4198 272 4253 sum,
296 4178 381 4239 aliud
405 4179 480 4238 milri
504 4178 726 4239 diverticulum
749 4178 970 4257 quaerendum
993 4192 1049 4242 est.
1079 4179 1127 4240 De
1150 4179 1258 4241 Lucae
1281 4181 1345 4240 mei
1368 4181 1495 4241 interitu
1518 4177 1669 4243 forsit:

192 4284 234 4346 ad
258 4295 289 4346 te
313 4285 376 4344 iam
399 4283 541 4344 delatum
565 4295 621 4345 est.
644 4280 750 4365 Aegre
774 4283 828 4344 tuli
844 4284 911 4342 eius
934 4302 1051 4358 casum,
1075 4283 1257 4346 delectabat
1281 4285 1367 4344 enim
1383 4302 1436 4344 me
1455 4302 1519 4345 non
1542 4280 1668 4346 solu

193 4388 274 4450 tides
297 4389 504 4467 probitasque
527 4388 664 4449 hominis
695 4387 752 4448 sed
783 4388 879 4448 etiarn
904 4387 1064 4468 diligentia
1096 4391 1125 4449 in
1149 4388 1206 4463 his,
1236 4407 1320 4468 quae
1351 4389 1380 4448 ei
1404 4387 1669 4449 mandabantt

193 4491 326 4553 Accedit
357 4492 428 4565 huc,
459 4491 547 4571 quod
579 4491 687 4552 literae
711 4493 741 4551 in
765 4511 805 4551 eo
837 4501 933 4565 erant,
964 4504 998 4553 ut
1022 4492 1109 4571 apud
1140 4504 1267 4554 nostros
1298 4491 1365 4553 fieri
1396 4493 1487 4568 solet,
1518 4487 1669 4553 minim

193 4596 457 4670 contemnendae,
487 4598 665 4675 utebarque
695 4616 735 4656 eo
766 4616 917 4657 amanu:
948 4595 1005 4657 sed
1035 4597 1217 4658 cedendum
1248 4607 1296 4657 est
1327 4596 1455 4658 divinae
1483 4581 1669 4658 voluntati

192 4721 276 4780 quae
299 4703 407 4762 omnia
431 4712 514 4761 reete
538 4702 722 4782 integreque
745 4700 937 4762 moderatur.
972 4700 1022 4762 De
1045 4721 1078 4761 re
1102 4712 1157 4762 tua
1180 4700 1257 4762 nihil
1279 4699 1365 4762 aliud
1388 4701 1431 4763 ad
1455 4713 1486 4763 te
1509 4699 1649 4762 scribes
1647 4703 1663 4745 θ

193 4825 335 4885 possum,
351 4825 449 4884 quam
473 4804 562 4884 quod
586 4806 695 4884 paucis
718 4816 792 4866 ante
815 4804 929 4867 diebus
952 4805 1039 4884 apud
1062 4806 1191 4867 fratrem
1215 4825 1324 4867 meum
1349 4807 1400 4881 sui,
1416 4807 1587 4885 audivique
1605 4809 1649 4853 CX

193 4929 233 4970 eo
256 4908 295 4970 D.
315 4907 539 4971 Sebastianum
563 4909 644 4969 clam
667 4911 697 4969 in
712 4909 931 4986 ,Franconiam
954 4910 1132 4990 profectum
1157 4929 1228 4972 esse
1251 4921 1282 4972 et
1305 4911 1392 4991 apud
1417 4920 1491 4971 tuos
1516 4901 1634 4987 propin·

194 5032 277 5092 quos
302 5032 358 5073 sua
382 5023 502 5092 tuaque
525 5032 642 5073 curare.
666 5012 755 5073 Vale.
779 5012 831 5073 Ex
856 5014 1030 5093 llasisteyn
1054 5014 1163 5077 ultima
1187 5012 1292 5076 Martii
1314 5033 1401 5075 anno
1425 5014 1532 5076 salutis
1551 5002 1622 5075 titii.

283 5201 306 5251 Ο
333 5199 520 5252 coelestinech
549 5199 719 5267 Ojvinslq‘ch
747 5218 838 5252 srovn.
863 5200 927 5269 listy
950 5202 983 5253 ‘21
1009 5219 1025 5254 a
1049 5200 1091 5261 83,
1117 5219 1133 5254 o
1157 5201 1297 5254 Lulrtlsovi
1322 5200 1508 5270 Komponiovi
1532 5198 1570 5252 list
1587 5194 1615 5247 59.

196 5272 351 5352 Sebestian,
371 5287 448 5357 ktery'
467 5287 547 5355 podle
567 5288 669 5357 zpravy
688 5288 884 5359 Bnbuslavovy
905 5288 990 5356 potaji
1009 5289 1044 5340 do
1065 5289 1155 5341 Franlr
1175 5288 1276 5351 odelei,
1298 5287 1354 5356 jest
1373 5288 1477 5359 nejspis
1500 5276 1561 5349 Stil,
1573 5281 1615 5353 jenl
