3660 5850
187 374 221 429 tu
866 375 956 438 1497.

186 591 360 665 Abraham,
383 591 491 653 divino
507 592 626 672 impleti
642 594 761 671 spiritu,
785 593 956 671 plurimum
979 594 1164 668 tribuerunt,
1188 590 1230 654 ad
1245 591 1327 653 hanc
1342 592 1461 655 liberos
1483 591 1636 673 populos·

186 717 249 778 que
273 716 350 759 suos
373 697 563 759 erudierunt.
587 696 693 779 Reges
712 697 835 778 Judeae
851 698 1004 778 quamdiu
1021 697 1141 760 cultum
1164 696 1224 759 Dei
1240 706 1272 757 et
1287 709 1414 776 patrum
1436 699 1635 758 ceremonias

185 803 363 876 servabant,
386 804 466 864 inter
492 802 713 864 infestissimas
736 805 882 864 nationes
905 805 1008 865 invicti
1032 812 1232 864 manserunt:
1256 800 1437 881 siquando
1460 812 1570 862 autem
1593 799 1633 861 ad

185 908 370 987 peregrinos
400 906 478 967 ritus
508 905 717 979 declinabant,
748 908 831 984 capti
862 909 947 968 etin
971 906 1170 968 durissimam
1198 909 1380 969 servitutem
1403 905 1523 968 redacti
1553 915 1634 967 sunt.

186 1008 279 1070 Hanc
313 1012 500 1071 sanctissimi
529 1021 683 1087 martyres
714 1030 777 1072 non
807 1011 906 1071 modo
930 1010 1048 1072 deliciis
1070 1022 1102 1073 et
1124 1011 1340 1089 voluptatibus
1373 1029 1555 1090 corporum,
1578 1007 1633 1071 sed

184 1115 279 1175 etiam
303 1116 385 1175 vitae
408 1113 633 1193 praetulerunt.
665 1114 861 1176 Nobilissimi
893 1118 1036 1195 gentium
1061 1115 1252 1194 philosophi,
1276 1114 1365 1176 Plato
1388 1126 1420 1175 et
1436 1112 1634 1187 Aristoteles,

185 1220 239 1279 ubi
269 1217 310 1279 de
344 1218 506 1296 republica
540 1219 718 1296 disputant,
751 1239 935 1299 quanquam
971 1220 1158 1300 plerumque
1188 1218 1390 1292 dissentiunt,
1421 1218 1505 1279 hanc
1526 1228 1634 1279 tamen

185 1324 282 1385 ambo
307 1325 438 1384 maximi
462 1323 587 1384 faciunt.
625 1322 740 1403 Neque
763 1324 827 1385 ulla
854 1325 961 1385 civitas
984 1326 1052 1385 sine
1074 1324 1225 1405 religione
1251 1335 1307 1386 aut
1334 1324 1470 1401 imperio
1494 1332 1549 1383 aut
1576 1320 1634 1383 alia

185 1447 218 1488 re
234 1426 317 1488 clara
333 1427 398 1488 fuit.
421 1426 554 1488 Possem
570 1427 601 1488 id
618 1429 790 1488 innumeris
806 1427 994 1489 confirmare
1014 1428 1178 1507 exemplis,
1195 1428 1252 1490 sed
1268 1428 1345 1490 nolo
1362 1427 1468 1488 lucem
1492 1436 1634 1489 nostram

185 1531 383 1592 ethnicorum
407 1532 546 1592 tenebris
562 1532 712 1593 conferre.
739 1531 829 1593 llaec
852 1532 907 1593 tibi
932 1535 1028 1593 etiam
1051 1532 1274 1612 amplectenda
1297 1545 1328 1595 et
1351 1541 1426 1612 post
1448 1542 1499 1593 tot
1521 1530 1635 1593 fluctus

184 1647 281 1716 atque
304 1635 458 1715 procellas
482 1638 512 1696 in
536 1635 626 1697 lirrna
649 1635 818 1716 stabilique
845 1636 922 1697 sede
946 1637 1135 1700 collocanda
1158 1647 1215 1700 est.
1253 1637 1399 1721 Vagatur
1422 1637 1508 1697 enirn
1531 1635 1634 1697 adhuc

184 1744 290 1803 saucia
313 1741 494 1819 laceraque,
517 1752 548 1801 et
572 1743 716 1800 omnium
741 1743 858 1802 iniuriis
881 1744 1028 1821 exposita
1059 1754 1116 1813 est,
1150 1762 1215 1803 non
1239 1744 1307 1803 sine
1329 1741 1475 1803 labecula
1499 1741 1635 1802 nominis

184 1849 237 1908 tui.
261 1844 311 1906 Da
334 1847 459 1905 veniam
483 1844 556 1906 huic
571 1847 640 1906 voci
665 1864 764 1917 meae,
790 1865 886 1925 quam
912 1846 968 1919 liis,
991 1850 1045 1927 qui
1061 1857 1092 1907 te
1108 1846 1283 1908 maledictis
1306 1847 1517 1926 convitiisque
1539 1843 1635 1905 laces·

183 1931 332 2023 siverunt,
355 1968 452 2027 saepe
475 1948 598 2010 dedisti.
637 1948 723 2027 Quid
747 1952 831 2010 enim
864 1952 957 2011 nobis
988 1951 1128 2029 prodest,
1159 1953 1184 2012 si
1208 1953 1308 2013 securi
1339 1969 1460 2024 sumus
1484 1951 1512 2010 si
1534 1950 1634 2010 otiose

183 2055 286 2113 vivere
309 2053 389 2127 licet,
412 2055 438 2114 si
460 2065 598 2114 aetatem
623 2055 690 2114 sine
714 2066 802 2115 metu
823 2054 1027 2125 traducimus
1050 2055 1182 2135 quando
1205 2057 1330 2116 animae
1352 2066 1493 2129 nostrae,
1515 2054 1635 2132 optima

185 2156 351 2218 hominum
375 2159 488 2237 portio,
513 2159 543 2217 in
567 2157 710 2235 periculo
733 2158 826 2219 sunt?
865 2157 939 2218 Non
962 2160 1065 2240 agitur
1094 2162 1179 2220 enim
1203 2162 1374 2232 internos
1397 2157 1548 2221 utmulti
1571 2158 1635 2236 opi-

184 2272 307 2336 nantur,
329 2261 370 2322 de
394 2279 530 2338 corpore
545 2272 577 2321 et
593 2263 747 2343 sanguine
771 2261 899 2322 Domini
928 2274 959 2325 et
976 2266 1117 2341 mysticis
1139 2265 1353 2336 sacramentis
1376 2281 1443 2324 non
1467 2261 1635 2341 quaeritur,

184 2385 225 2427 an
255 2365 405 2428 Romano
436 2364 576 2443 pontifici
608 2365 787 2444 parendum
818 2369 865 2428 sit.
906 2366 1053 2428 Pestisera
1084 2367 1214 2447 quidem
1245 2367 1324 2428 llaec
1348 2376 1431 2441 sunt,
1462 2363 1636 2428 tolerabilia

183 2482 290 2532 tamen
314 2472 394 2531 inter
416 2480 521 2531 tantas
545 2489 671 2530 morum
696 2471 909 2548 corruptelas:
932 2483 1094 2533 caeterum
1117 2472 1219 2532 multo
1235 2470 1379 2532 foediora
1403 2470 1635 2548 deterioraque‚

184 2577 311 2637 tametsi
334 2593 377 2635 ex
399 2574 516 2635 eodem
540 2572 628 2634 sonte
652 2577 822 2647 manantia,
853 2576 970 2637 cotidie
993 2576 1156 2655 pullulant,
1180 2586 1211 2636 et
1235 2595 1292 2655 per
1314 2585 1416 2637 totam
1439 2576 1635 2653 provinciam

184 2691 324 2759 serpunt.
363 2677 479 2759 Neque
510 2697 592 2757 pene
629 2677 835 2760 bohemiam)
866 2683 1038 2759 quicquam
1067 2680 1152 2742 aliud
1183 2681 1244 2742 lroc
1278 2689 1425 2758 tempore
1455 2689 1506 2740 est
1541 2696 1635 2757 quam

184 2783 345 2862 quaedam
379 2784 524 2844 omniurn
560 2801 701 2842 errouuu
737 2794 768 2842 et
803 2783 1071 2861 blasphemiarum
1107 2783 1265 2846 colluvies.
1304 2783 1348 2845 llli
1386 2782 1546 2845 illibatum
1578 2781 1636 2842 hoc

183 2892 379 2967 mysterium,
403 2888 492 2967 quod
516 2888 609 2948 nobis
634 2887 792 2948 Dominus
808 2891 838 2949 iu
856 2889 965 2949 ultima
988 2908 1090 2951 coena
1113 2888 1245 2968 reliquit,
1269 2889 1425 2950 triticeum
1448 2886 1558 2947 Deum
1582 2904 1637 2964 per

183 2993 413 3055 contumeliam
436 2990 605 3070 appellant,
637 2991 685 3051 alii
710 2994 836 3052 animos
858 3012 931 3053 cum
963 2993 1152 3072 corporibus
1176 2991 1268 3053 simul
1291 2994 1416 3054 interire
1443 2993 1551 3052 aiunt:
1574 2989 1637 3070 ple

183 3100 272 3177 rique
303 3115 438 3176 superos
466 3093 698 3175 inlerosqiie¹²l
728 3116 799 3156 esse
822 3108 948 3178 negant.
989 3097 1078 3158 llaec
1101 3097 1162 3158 sub
1185 3106 1217 3156 te
1239 3097 1381 3176 piissimo
1408 3114 1485 3177 rege
1508 3097 1637 3175 impune

184 3202 250 3263 lieri
274 3204 328 3262 vix
351 3199 500 3262 credibile
523 3210 586 3260 est:
612 3198 690 3261 fumt
714 3211 821 3261 tamen
847 3220 911 3262 uon
936 3203 1003 3262 sine
1026 3220 1146 3281 magno
1170 3202 1291 3279 patriae
1313 3211 1345 3262 et
1367 3211 1425 3261 tuo
1448 3198 1636 3261 discrimine.

184 3304 350 3367 Falluntur
379 3307 465 3365 enim
491 3304 707 3371 veliementer.
731 3307 783 3384 qui
816 3305 888 3365 uilril
914 3306 1026 3367 liorum
1058 3307 1099 3368 ad
1122 3305 1350 3385 rempublicam
1374 3306 1535 3384 pertinere
1558 3306 1637 3366 arbi·

183 3421 311 3482 trantur,
335 3408 392 3469 sed
416 3428 475 3469 suo
498 3427 660 3488 quemque
690 3409 830 3488 periculo
854 3411 937 3470 male
964 3411 1006 3472 de
1029 3410 1179 3491 religione
1202 3429 1324 3489 sapere.
1348 3409 1529 3489 Quomodo
1553 3411 1637 3470 enirn

184 3516 264 3595 quis,
287 3533 345 3592 spe
369 3512 507 3574 melioris
523 3513 669 3573 fortunae
692 3513 809 3583 oblata,
833 3526 887 3575 aut
905 3516 958 3575 ribi
976 3514 1058 3575 fidus
1080 3526 1134 3575 aut
1159 3516 1324 3576 iuramenti
1347 3515 1395 3575 sui
1419 3532 1547 3574 memor
1570 3532 1638 3575 esse

185 3620 314 3696 poterit,
346 3620 401 3696 qui
424 3619 537 3696 periuri
562 3618 769 3699 sacrilegique
793 3619 932 3678 eundem
964 3638 1060 3698 quen
1085 3619 1221 3700 religiosi
1244 3621 1367 3680 exitum
1391 3616 1512 3679 credit?
1550 3615 1638 3695 Quo·

185 3722 286 3783 modo
316 3721 412 3793 furtis,
444 3723 570 3800 rapinis,
602 3721 766 3783 fraudibus
796 3725 1207 3803 circumscriptiouibusque
1230 3722 1416 3796 abstinebit,
1439 3722 1494 3802 qui
1522 3723 1639 3795 omnia,

185 3845 268 3906 quae
292 3826 333 3886 de
356 3825 460 3886 inseris
483 3824 668 3904 produntur,
703 3825 776 3887 ficta
806 3839 889 3888 esset
913 3827 1020 3905 putat?
1057 3826 1233 3889 Eranescet
1266 3827 1417 3888 sanctitas
1440 3825 1640 3897 iudiciorum,

185 3929 265 3991 lides
295 3932 551 3991 testimoniorum
583 3930 711 4007 peribit,
741 3933 849 3990 omnia
883 3932 1037 4010 largitioni
1069 3930 1239 4009 patebunt:
1263 3933 1305 3991 ita
1327 3932 1464 4004 eveniet,
1494 3941 1531 3991 ut
1559 3948 1640 3990 rem·

184 4033 346 4112 publicam
377 4036 503 4095 interire
536 4046 567 4094 et
599 4036 628 4094 in
663 4034 761 4095 cbaos
800 4048 912 4096 cuncta
956 4048 1002 4117 iffi
1026 4038 1068 4096 ita
1098 4030 1248 4115 dixerim)
1282 4036 1394 4096 reverti
1425 4053 1562 4095 necesse
1595 4034 1640 4095 sit.

185 4136 311 4220 Magnis
334 4152 365 4199 te
388 4137 477 4199 Deus
500 4137 661 4198 beneficiis
677 4138 857 4212 cumularit,
876 4139 926 4200 ille
942 4152 973 4199 te
990 4141 1113 4205 creavit.
1130 4138 1181 4200 ille
1197 4139 1460 4201 innocentissimo
1483 4140 1642 4221 sanguine

186 4243 330 4315 redemit,
361 4242 411 4303 ille
435 4241 637 4320 amplissimis
670 4243 819 4321 praefecit
843 4246 955 4325 reguis,
986 4244 1037 4304 ille
1068 4246 1239 4305 innumeris
1269 4245 1383 4322 eripuit
1409 4242 1571 4322 perculis
1593 4243 1643 4305 ille

185 4346 272 4427 apud
288 4366 402 4408 omnes
417 4349 592 4427 gratiosum
616 4347 762 4420 reddidit,
784 4347 834 4408 ille
850 4347 990 4426 denique
1014 4349 1173 4421 omnibus,
1189 4367 1273 4427 quae
1289 4348 1320 4408 in
1339 4347 1402 4408 hoc
1416 4345 1531 4408 seculo
1555 4347 1643 4409 bona

185 4450 371 4516 iudicantur,
394 4450 604 4530 lucupletarit.
643 4450 737 4511 Refer
759 4470 837 4532 erga
860 4453 887 4511 ei
911 4452 1015 4531 a¹iqua
1039 4471 1081 4511 ex
1105 4464 1194 4531 parte
1216 4452 1358 4533 gratiam,
1382 4461 1415 4511 et
1436 4452 1493 4530 qui
1517 4462 1646 4512 terrena

186 4554 368 4638 fragiliaque
392 4555 489 4637 longo
507 4558 568 4615 iam
585 4566 730 4634 tempore
753 4558 878 4623 curasti,
902 4575 985 4616 nunc
1009 4558 1105 4616 etiam
1129 4555 1171 4616 ad
1186 4555 1337 4618 coelestia
1360 4565 1392 4615 et
1414 4565 1550 4616 aeterna
1573 4566 1646 4619 tuas

185 4662 395 4742 cogitationes
418 4656 551 4740 rerer.¹⁸i
576 4659 693 4739 Neque
715 4672 747 4721 te
770 4659 888 4739 aliquid
913 4679 1032 4720 novum
1057 4672 1089 4720 et
1112 4660 1308 4739 principibus
1330 4661 1494 4720 insuetum
1520 4672 1647 4722 tentare

185 4774 287 4845 putes.
310 4764 405 4826 Tales
429 4767 492 4824 iam
516 4763 638 4841 pridem
655 4776 728 4825 ante
746 4780 776 4824 re
793 4764 1045 4833 Valentinianus,
1068 4763 1240 4826 Gratianus
1257 4762 1490 4843 Honoriusque
1506 4764 1648 4826 suerunt.

186 4868 320 4930 Arriano
335 4868 579 4947 Sabellianaque
596 4868 744 4928 haereses
767 4879 798 4927 et
823 4869 941 4929 multae
958 4871 987 4927 in
1004 4867 1137 4929 ecclesia
1160 4865 1333 4929 seditiones
1356 4885 1422 4928 non
1447 4880 1517 4928 tam
1542 4870 1649 4948 ponti-

280 5131 310 5189 Μ)
328 5130 403 5182 Mitis
422 5130 522 5198 rytislrl
541 5131 631 5199 poulu':
653 5131 684 5182 N.

280 5218 309 5283 ¹⁷)
328 5219 350 5269 Κ
370 5218 482 5286 plidzirzi
502 5236 609 5270 omnes.

280 5305 309 5371 ““)
328 5306 350 5356 Κ
370 5304 473 5357 confer.
