3660 5850
956 626 985 688 2.

671 783 770 854 Petr
798 780 946 853 Schott
974 778 1276 853 Bohuslavovi.

337 970 375 1026 20
394 949 558 1026 &tractanti
579 968 635 1024 ttth
655 997 689 1009 —
708 971 732 1024 5.
753 967 819 1024 zati.
852 969 930 1020 Diva
948 969 1059 1036 zpravu,
1087 968 1180 1020 hteralr
1208 985 1238 1019 se
1258 985 1304 1020 mu
1329 968 1412 1020 doma
1437 967 1515 1023 vede.
1543 967 1609 1020 ale
1627 967 1698 1034 jehte

248 1057 394 1109 neobdrlel
414 1056 479 1108 lrnih
499 1057 585 1123 svy‘ch
605 1056 722 1109 zltalie.
754 1056 855 1108 Pisatel
873 1056 928 1123 jevi
957 1057 1046 1124 dmysl
1066 1056 1130 1107 stati
1156 1074 1185 1107 se
1205 1056 1320 1107 lmezem
1349 1054 1473 1122 islibuje
1501 1055 1697 1115 Bohuslarovi,

248 1143 350 1197 budeli
369 1161 404 1195 on
426 1143 514 1205 chtiti,
533 1142 564 1195 ie
583 1144 694 1210 postara
713 1161 743 1195 se
763 1153 829 1204 oto,
849 1143 904 1210 aby
918 1142 971 1194 oba
989 1143 1104 1211 pospolu
1124 1160 1140 1193 v
1153 1143 1234 1194 miste
1253 1141 1387 1195 zboinem
1407 1158 1423 1193 a
1442 1140 1604 1209 ptijemnem
1625 1142 1699 1193 iivot

248 1229 347 1282 travili.
366 1229 476 1296 (Schott
495 1228 512 1282 f.
533 1229 583 1297 lt).

333 1423 444 1485 Petrus
466 1422 617 1486 Schottus
642 1424 810 1504 magnifico
834 1435 931 1503 atque
962 1442 1120 1504 generoso
1148 1423 1281 1484 domino
1305 1421 1468 1482 ssoms'ao
1491 1421 1532 1482 de
1557 1420 1698 1483 Hassen-

248 1530 328 1590 stein
344 1549 367 1590 s.
384 1547 413 1607 p.
430 1529 459 1590 d.
484 1528 770 1607 Quemadmodum
787 1527 900 1600 valeas,
924 1529 965 1587 mi
983 1527 1163 1588 charissime
1179 1525 1346 1591 B0husla'e.
1370 1526 1542 1603 intelligere
1559 1526 1699 1586 maxime

248 1633 369 1694 vellem.
393 1632 550 1711 Equidem
566 1633 666 1693 valeo
692 1632 724 1692 ln
750 1633 901 1693 utramvis
925 1645 1049 1709 partem
1072 1651 1159 1710 cape.
1190 1629 1269 1691 Sum
1294 1629 1423 1709 quidem
1444 1648 1540 1690 sanus
1563 1649 1699 1707 corpore

247 1749 279 1798 et
302 1738 344 1797 ita
367 1738 428 1796 mei
452 1736 515 1796 sere
537 1755 657 1807 omnes,
681 1735 737 1796 sed
762 1737 871 1795 animo
894 1735 1098 1796 vehementer
1121 1735 1267 1817 langueo
1291 1733 1380 1813 quod
1407 1734 1632 1793 amoenissima
1649 1732 1699 1794 illa

247 1852 279 1903 et
301 1841 485 1902 suavissima
509 1839 717 1901 [amiliaritate
749 1851 803 1901 tua
827 1859 937 1900 carco:
968 1838 1037 1899 sola
1060 1858 1117 1917 spe
1149 1841 1227 1899 vivo
1266 1837 1382 1916 Scripsi
1406 1837 1447 1898 ad
1473 1849 1503 1897 te
1526 1848 1621 1898 antea
1645 1856 1702 1916 per

250 1926 457 2006 Laurentium
481 1955 699 2016 mercatorem,
723 1963 820 2021 quam
845 1945 940 2024 longe
956 1966 974 2003 a
992 1963 1043 2002 me
1068 1945 1137 2021 ipso
1168 1943 1364 2004 divertissem
1388 1953 1419 2002 et
1442 1951 1564 2020 querito
1590 1940 1703 2001 dolore

249 2048 390 2109 alliceret
414 2059 543 2127 propter
571 2047 668 2108 libros
696 2067 794 2119 meos,
822 2050 876 2126 qui
904 2047 1050 2108 nondum
1073 2050 1241 2108 venissent.
1275 2046 1399 2107 Eadem
1428 2065 1479 2107 me
1507 2057 1538 2106 et
1568 2044 1703 2122 amplior

249 2155 393 2232 angustia
413 2162 505 2225 tenet,
523 2154 597 2230 quia
614 2162 826 2230 posteaquam
841 2149 986 2212 Venetiis
1002 2170 1059 2211 eos
1075 2151 1187 2225 dimisi,
1204 2171 1244 2210 ne
1260 2153 1391 2211 verbum
1407 2150 1547 2229 quidem,
1571 2150 1702 2211 ubinam

250 2267 363 2330 essent,
387 2255 499 2317 audivi.
523 2254 609 2334 Quid
625 2257 777 2334 suspicari
799 2254 945 2327 debeam,
962 2255 1091 2335 ignoro:
1115 2257 1175 2315 nisi
1199 2273 1241 2313 ex
1261 2252 1411 2315 nundinis
1427 2252 1705 2330 Franckplorden·

249 2362 337 2422 sibus
359 2358 402 2420 ad
425 2378 477 2419 me
500 2357 689 2432 delerentur,
713 2358 855 2437 perditos
878 2358 1016 2419 credam.
1040 2357 1119 2437 Ego,
1149 2359 1191 2418 mi
1214 2356 1381 2431 Bohuslae,
1404 2376 1473 2418 rem
1496 2369 1637 2417 nostram
1663 2358 1703 2416 ita

250 2485 336 2544 paro,
361 2475 395 2524 ut
426 2464 516 2542 quasi
547 2464 741 2541 perfecerim.
781 2462 869 2523 Deus
900 2463 1024 2524 initium
1048 2477 1118 2524 esto
1142 2473 1172 2523 et
1197 2461 1276 2524 finis.
1315 2460 1365 2522 De
1388 2460 1550 2541 theologia
1577 2459 1704 2521 admisit

250 2570 380 2651 genitor,
403 2580 477 2647 post
492 2566 612 2646 aliquot
628 2577 735 2626 tamen
754 2586 896 2627 menses:
920 2568 1045 2628 interim
1063 2578 1169 2628 tamen
1186 2565 1273 2627 domi
1290 2585 1370 2638 sum,
1393 2576 1425 2626 et
1447 2567 1477 2626 in
1498 2584 1531 2624 re
1553 2563 1705 2635 familiari,

251 2691 335 2751 quae
356 2674 450 2733 nobis
473 2691 558 2733 nunc
580 2683 628 2732 cst
653 2673 795 2732 intricata
818 2669 919 2744 valde,
936 2668 983 2729 vel
1001 2681 1122 2747 patrem
1148 2680 1351 2748 praesentem
1375 2670 1457 2741 iuro,
1473 2667 1522 2728 vel
1539 2668 1606 2727 eius
1623 2669 1707 2727 vices

252 2776 391 2836 absentis
414 2794 499 2855 gero.
523 2774 611 2854 Quid
635 2775 760 2836 dicam?
783 2773 902 2836 Omnia
924 2793 997 2835 cum
1021 2773 1167 2835 molestia
1191 2792 1261 2854 ago.
1284 2784 1382 2851 atque
1405 2791 1424 2831 a
1447 2791 1481 2831 re
1497 2766 1566 2853 (sic)
1590 2790 1608 2831 a
1631 2791 1705 2849 pro-

251 2881 359 2959 posito
382 2892 492 2941 nostro
516 2898 580 2939 non
604 2899 764 2952 amoveor,
787 2878 845 2939 sed
861 2880 1061 2956 potissimum
1085 2878 1238 2959 impellor.
1262 2876 1362 2939 Extra
1385 2876 1519 2937 domum
1543 2875 1619 2936 nihil
1642 2893 1705 2955 ago

251 2983 376 3062 publici.
400 2981 533 3044 Amicos
555 2983 728 3062 aliquando
752 2984 916 3045 convenio.
947 2982 1099 3047 Iudicium
1125 3002 1229 3061 neque
1253 2981 1394 3042 seculare
1417 2999 1522 3059 neque
1545 2978 1705 3058 spirituale

253 3085 352 3149 ullum
375 3087 445 3157 vidi,
468 3087 559 3159 adeo,
592 3101 626 3148 ut
658 3106 708 3147 me
738 3084 888 3148 doctores
918 3087 1059 3166 plerique
1091 3086 1267 3168 beginalem
1299 3085 1467 3147 doctorem
1499 3095 1621 3148 vocent.
1651 3083 1705 3162 qui

253 3191 505 3270 praedicationes
536 3210 633 3269 (piam
665 3191 778 3252 iudicia
809 3191 881 3268 plus
908 3194 1039 3252 visitem.
1077 3189 1159 3253 Cum
1191 3203 1292 3253 matre
1323 3210 1389 3252 rem
1421 3203 1563 3251 nostram
1596 3187 1704 3259 fundo,

254 3309 376 3374 patrem
402 3314 518 3355 moneo
536 3297 628 3356 tacite
651 3314 893 3374 nonnunquam,
917 3307 951 3356 ut
966 3298 1008 3357 ab
1024 3296 1259 3373 impedimentis
1275 3295 1409 3374 publicis
1431 3295 1598 3367 abstineat,
1622 3311 1705 3371 quae

254 3399 397 3478 prolecto
420 3418 547 3478 semper
571 3412 726 3480 augentur
749 3410 846 3478 atque
869 3419 903 3460 se
920 3401 988 3477 ipsa
1012 3400 1124 3460 odiosa
1140 3400 1285 3467 reddunt,
1309 3402 1427 3479 quippe
1451 3416 1534 3477 quae
1558 3396 1704 3457 invidiam

255 3503 441 3581 ampliorem
470 3515 577 3564 creent
601 3522 697 3582 quam
722 3504 862 3583 gratiam.
903 3503 1013 3582 ltaque
1037 3503 1077 3564 dc
1101 3503 1194 3575 libris,
1218 3522 1301 3581 quos
1325 3502 1464 3574 emerim,
1488 3519 1611 3580 quosve
1633 3520 1652 3560 a
1674 3512 1706 3560 te

255 3618 371 3686 petam,
396 3608 469 3668 nihil
492 3609 605 3668 scribo
645 3605 783 3668 Alibris
805 3626 876 3667 sum
912 3607 995 3668 adeo
1019 3608 1191 3678 abstinens,
1225 3627 1262 3667 ac
1285 3609 1310 3667 si
1334 3608 1437 3667 cicuta
1460 3603 1563 3665 infecti
1588 3616 1704 3664 esseut.

257 3711 319 3774 Ubi
344 3712 437 3790 plane
466 3714 574 3771 omnia
603 3731 819 3790 composuero
850 3710 1018 3791 (quantum
1048 3712 1214 3772 homiuum
1245 3711 1389 3772 delectus
1419 3710 1579 3787 admittit),
1610 3707 1651 3768 ad
1675 3718 1706 3767 te

255 3817 400 3889 scribam,
416 3815 585 3894 quomodo
608 3834 692 3895 ages.
717 3815 751 3877 Id
768 3817 822 3877 tibi
839 3826 961 3876 certum
977 3818 1031 3876 sit:
1055 3826 1211 3896 quantum
1232 3816 1272 3877 ad
1289 3835 1341 3876 me
1357 3815 1534 3894 pertinebit,
1558 3812 1704 3881 efficiam,

256 3932 298 3992 ut,
322 3922 347 3980 si
371 3919 514 3992 volucris,
537 3919 630 3980 simul
653 3919 813 3980 salubrem
845 3921 941 3981 vitam
972 3939 1120 4000 agamus:
1156 3919 1287 3999 quando
1319 3919 1349 3980 id
1381 3919 1520 3979 sutumm
1548 3921 1596 3991 sit,
1627 3919 1706 3977 intra

255 4043 419 4084 annumne
442 4043 482 4083 an
506 4027 641 4097 tertium,
666 4044 730 4084 non
755 4043 887 4102 possum
912 4023 1018 4085 adhuc
1047 4026 1192 4085 scribere.
1228 4022 1356 4085 Nollem
1386 4023 1494 4083 subito
1518 4039 1708 4101 exasperare

257 4139 405 4206 parentes
428 4146 526 4200 meos,
550 4126 607 4188 sed
631 4127 781 4205 paulatim
807 4127 911 4188 lenire.
936 4126 980 4188 Mi
997 4127 1165 4197 llohuslae,
1189 4127 1302 4200 habco,
1327 4128 1380 4206 qui
1404 4146 1455 4187 me
1480 4124 1632 4187 seducere
1656 4144 1708 4185 co

258 4243 387 4305 uantur,
411 4230 515 4290 habeo
538 4230 652 4308 plures,
684 4249 782 4309 quam
813 4250 1024 4310 speraveram,
1052 4233 1105 4309 qui
1137 4250 1188 4292 me
1218 4231 1260 4292 ad
1289 4235 1385 4292 vitam
1416 4231 1545 4291 beatam
1569 4230 1707 4289 invitent.

257 4333 323 4396 Eos
346 4353 406 4415 ego
430 4353 513 4402 amo,
537 4353 593 4394 eos
616 4333 696 4407 colo,
720 4335 874 4413 imprimis
900 4334 1069 4396 doctorem
1089 4334 1270 4416 Johannem
1286 4335 1326 4396 de
1343 4335 1562 4415 Keisersberg,
1585 4331 1708 4412 praedi-

257 4448 398 4498 catorem
422 4448 575 4498 nostrum.
602 4436 660 4497 llic
677 4456 736 4514 pro
760 4439 853 4498 uobis
873 4457 938 4499 non
960 4451 1063 4500 cessat
1086 4459 1176 4499 orare
1197 4439 1313 4500 Deum.
1338 4438 1397 4500 Fui
1420 4440 1449 4498 in
1474 4438 1604 4498 thermis
1620 4433 1710 4496 Wilt·

258 4541 373 4602 baden.
408 4541 472 4602 lllic
504 4561 635 4620 quoque
666 4541 722 4603 luit
755 4543 788 4613 is,
819 4542 860 4603 de
892 4563 957 4621 quo
989 4543 1065 4604 mihi
1087 4562 1183 4622 saepe
1213 4541 1328 4615 dixisti,
1360 4544 1446 4620 prior
1469 4541 1711 4621 Ratisponensis

259 4645 389 4706 fratrum
413 4646 678 4724 praedicatorum,
703 4647 854 4725 quicum
878 4659 909 4709 te
933 4656 1086 4720 nosceret,
1117 4647 1273 4708 familiaris
1297 4647 1372 4708 mihi
1395 4645 1487 4707 valde
1509 4645 1576 4708 luit.
1615 4645 1711 4706 Mitto

259 4749 301 4809 ad
324 4761 355 4809 te
376 4749 555 4810 codicillum
586 4750 756 4828 quendam,
788 4771 854 4812 non
885 4763 951 4812 tam
983 4751 1027 4810 ob
1050 4750 1144 4824 aliud,
1175 4770 1272 4831 quam
1304 4762 1338 4812 ut
1368 4752 1498 4810 nomina
1521 4752 1711 4810 instrumen-

258 4863 373 4926 torum,
398 4855 535 4931 quaein
559 4873 598 4914 eo
623 4857 834 4928 continentur,
865 4855 907 4915 ad
931 4854 1061 4915 artificia
1092 4855 1156 4916 lere
1186 4855 1309 4935 singula
1332 4854 1500 4933 peculiaria
1534 4852 1661 4931 probes
1685 4853 1710 4913 si

259 4957 353 5018 latina
377 4959 445 5017 sint.
471 4956 542 5031 Fac,
566 4969 601 5018 ut
625 4958 719 5020 literis
743 4958 800 5019 des
824 4979 966 5038 operam.
991 4957 1119 5021 Curabo
1143 4963 1226 5020 enim
1251 4959 1353 5039 (Deus
1375 4960 1481 5031 iuvet),
1505 4968 1540 5017 ut
1563 4956 1711 5017 aedilicio

260 5060 379 5122 devoto
403 5081 607 5141 amoenoque
630 5063 723 5123 simul
743 5075 878 5124 utamur.
904 5064 1014 5123 Petam
1031 5075 1062 5123 et
1079 5067 1249 5143 pugionem
1279 5065 1347 5123 misi
1371 5062 1412 5122 ad
1436 5075 1467 5122 te
1490 5072 1521 5121 et
1543 5060 1712 5122 dominum

261 5165 444 5226 Ladislaum
469 5186 526 5244 per
549 5166 755 5228 Laurentium
787 5182 1003 5228 mercatorem.
1042 5167 1113 5241 Fac,
1146 5180 1179 5227 ut
1211 5167 1251 5227 ad
1283 5185 1334 5226 me
1365 5167 1491 5226 scribas.
1530 5164 1710 5226 Litcrarum

261 5281 386 5331 tuarum
418 5269 554 5348 cupidus
584 5291 655 5332 sum
686 5271 826 5351 perinde,
858 5284 891 5335 ut
922 5283 956 5333 tu
987 5290 1138 5334 mearum.
1178 5270 1353 5332 Dominum
1379 5269 1562 5331 Ladislaum
1593 5287 1636 5330 ex
1659 5288 1714 5333 me
