3696 5836
875 373 968 432 1507.
1597 374 1647 428 175

202 601 332 645 nurnero
356 585 475 664 aliquid
503 585 637 646 fortasse
668 598 791 665 praeter
820 586 1086 648 consuetudinem
1116 597 1259 648 nostram
1289 587 1475 662 decernetis,
1505 586 1594 669 quod
1617 599 1649 649 et

201 686 389 751 Germaniae
412 688 487 751 utile
517 701 548 752 et
578 690 771 768 reipublicae
801 691 989 753 christianae
1015 690 1151 754 salutare
1178 694 1226 754 sit.
1259 690 1327 754 Aut
1352 695 1437 754 enirn
1460 712 1522 774 ego
1549 691 1647 765 fallor,

200 803 250 855 aut
273 813 324 854 res
347 803 470 855 vestrae
493 813 534 856 eo
557 794 762 869 devenerunt,
786 806 820 857 ut
842 814 908 857 non
930 796 1037 858 solum
1059 796 1207 859 consulto
1230 797 1288 859 sed
1310 798 1406 858 etiam
1428 796 1521 871 lactc,
1544 806 1579 857 ut
1597 796 1648 858 ille

200 898 343 978 loquitur,
378 900 470 960 vobis
493 917 577 978 opus
599 901 646 961 sit.
683 898 767 961 Nam
798 909 830 961 et
853 900 1009 962 barbarae
1030 913 1151 983 gentes,
1182 902 1325 983 religioni
1345 913 1474 963 nostrae
1504 903 1648 963 inimicis-

199 1002 303 1077 simae,
334 1001 526 1065 Germaniae
549 1006 631 1065 ostia
653 1003 790 1082 pulsant,
821 1023 904 1084 quae
927 1004 1056 1085 quidem
1080 1006 1123 1067 ita
1145 1007 1177 1067 in
1199 1007 1377 1086 praesentia
1405 1007 1582 1086 quiescunt,
1612 1017 1647 1068 ut

199 1126 268 1169 curn
291 1107 431 1188 primum
454 1126 489 1170 se
505 1110 632 1170 occasio
656 1107 815 1182 obtulerit,
838 1128 927 1170 arma
950 1120 1137 1188 sumpturae
1156 1109 1329 1185 videantur,
1351 1120 1382 1173 et
1398 1108 1489 1184 Galli,
1512 1121 1548 1172 ut
1563 1110 1645 1171 lama

199 1221 251 1286 est,
274 1229 342 1272 non
365 1212 511 1286 obscure,
534 1212 610 1292 quid
634 1215 665 1274 in
689 1214 796 1273 animo
819 1213 969 1288 habeant,
993 1214 1175 1275 ostendunt.
1198 1213 1324 1294 Quibus
1347 1216 1437 1276 malis
1459 1234 1525 1277 non
1541 1213 1646 1275 solum

199 1315 370 1398 gloriosum
394 1315 453 1379 sed
479 1336 562 1396 pene
592 1318 805 1379 necessarium
835 1328 882 1379 est
911 1319 1004 1379 vobis
1030 1319 1157 1379 obviam
1185 1320 1238 1392 ire,
1268 1320 1327 1380 nisi
1354 1318 1435 1380 forte
1461 1329 1492 1380 et
1515 1319 1646 1380 aliarum

199 1421 363 1482 nationum
386 1421 513 1484 casibus
535 1432 567 1484 et
589 1421 772 1484 domesticis
795 1422 1026 1484 calamitatibus
1049 1422 1153 1485 edocti
1176 1424 1360 1499 resipiscere
1383 1434 1415 1484 et
1430 1422 1543 1484 honori
1565 1423 1647 1484 salu·

199 1525 283 1604 tique
306 1534 438 1586 nostrae
459 1524 627 1588 consulere
650 1545 715 1588 non
738 1526 839 1588 vultis.
862 1524 933 1608 Ego
956 1536 1042 1588 certe
1064 1545 1117 1587 me
1138 1525 1336 1588 Germanum
1358 1547 1428 1589 esse
1448 1540 1480 1590 et
1495 1526 1647 1606 profiteor

200 1637 226 1689 et
247 1628 376 1711 glorior,
406 1640 503 1711 atque
526 1630 608 1705 ideo,
639 1632 666 1692 si
688 1631 822 1692 alterum
846 1630 961 1712 eligere
983 1642 1153 1709 oporteret,
1185 1630 1313 1692 mallem
1340 1633 1458 1711 imperii
1482 1632 1581 1694 decus
1604 1632 1646 1694 ad

200 1731 303 1807 Italos,
329 1734 488 1814 aquibus
518 1733 560 1795 ad
583 1732 764 1796 Germanos
787 1735 935 1809 manavit,
965 1737 1077 1796 reverti
1107 1754 1204 1814 quam
1235 1735 1351 1797 fastum
1382 1736 1647 1815 insolentiamque
1730 1778 1734 1783 -

200 1834 361 1899 Gallorum
386 1838 529 1899 tolerare.
556 1837 641 1901 Nam
665 1838 706 1900 de
728 1838 859 1901 Graecis
882 1838 1001 1901 nullam
1025 1839 1106 1900 facio
1130 1842 1335 1915 mentionem,
1366 1841 1420 1921 qui
1443 1840 1566 1922 ignavia
1589 1860 1647 1901 sua

199 1943 260 2001 sive
283 1939 416 2020 perfidia
446 1939 585 2022 (semper
607 1944 691 2003 enim
715 1942 757 2004 ad
781 1963 830 2005 res
854 1963 953 2004 novas
983 1955 1014 2005 et
1037 1943 1184 2005 haereses
1214 1946 1307 2024 proni
1331 1941 1432 2025 erant)
1462 1964 1502 2005 eo
1530 1942 1647 2004 redacti

200 2056 278 2118 sunt,
303 2054 338 2106 ut
362 2043 424 2107 hoc
447 2056 593 2125 tempore
614 2065 681 2108 non
704 2046 805 2108 modo
828 2049 997 2125 imperium
1020 2046 1077 2108 sed
1099 2066 1140 2108 ne
1163 2046 1342 2110 libertatem
1365 2047 1495 2129 quidem
1518 2067 1647 2125 sperare

199 2149 346 2212 audeant.
380 2148 528 2229 Quorum
551 2150 739 2213 miserabilis
761 2154 848 2213 ruina
876 2150 1029 2213 admonet
1059 2170 1120 2212 nos
1143 2152 1296 2230 prosecta
1323 2164 1358 2214 ut
1380 2173 1398 2214 a
1421 2150 1647 2233 voluptatibus,

199 2273 281 2335 quae
304 2273 365 2316 nos
380 2254 493 2315 molles
516 2253 804 2337 effoeminatosque
827 2254 973 2328 reddunt,
997 2267 1213 2336 temperemus
1235 2267 1267 2318 et
1285 2257 1327 2317 ab
1343 2257 1498 2317 intestinis
1520 2257 1648 2318 seditio-

199 2358 291 2420 nibus
314 2376 492 2419 caveamus.
515 2355 606 2433 Vale,
627 2359 807 2421 dulcissime
831 2362 873 2421 mi
896 2359 1088 2433 Bernhardc‚
1113 2372 1144 2420 et
1166 2360 1284 2440 aliquid
1308 2360 1350 2422 de
1366 2361 1550 2441 Hispaniae,
1573 2360 1645 2424 Gal·

199 2462 256 2525 liae
272 2461 515 2543 Britanniaeque
537 2464 634 2526 rebus
656 2463 697 2525 ad
714 2483 766 2525 me
789 2464 905 2535 scribe;
930 2466 996 2524 scio
1019 2466 1103 2524 enirn
1128 2476 1235 2526 motus
1254 2474 1364 2526 earum
1387 2466 1529 2547 gentium
1545 2475 1648 2526 caete-

198 2586 298 2647 raque
314 2568 534 2630 memorabilia
549 2567 665 2629 cotidie
680 2566 902 2631 Constantiam
918 2569 1038 2630 deferri.
1055 2568 1166 2649 ltaque
1182 2568 1258 2631 nolo
1272 2581 1302 2630 te
1314 2568 1471 2631 eiusmodi
1488 2571 1648 2631 mercibus

199 2673 384 2735 inonustum
407 2672 449 2734 ad
472 2674 608 2752 patriam
630 2672 741 2744 redire,
772 2673 904 2753 quando
934 2692 1038 2734 rerum
1063 2672 1173 2734 talium
1201 2675 1342 2755 cognitio
1373 2676 1514 2735 animum
1538 2692 1648 2753 saepe-

199 2794 333 2838 numero
362 2787 393 2838 et
416 2779 518 2856 pascit
547 2787 579 2839 et
609 2776 754 2838 delectat.
786 2777 902 2839 lterum
934 2777 1010 2838 vale.
1040 2775 1092 2838 Ex
1117 2777 1340 2856 Hassensteyn
1367 2777 1417 2841 28.
1440 2775 1639 2858 Septembris

285 2963 346 3019 List
362 2972 441 3018 tento
458 2966 555 3033 patrue
574 2964 680 3033 napsan
699 2980 716 3017 a
735 2965 848 3017 odeslaln
866 2963 913 3033 byl
931 2965 1016 3030 diive,
1032 2964 1084 3017 nei
1103 2965 1261 3018 Bohuslava
1279 2965 1356 3018 dolel
1374 2964 1509 3034 piedelly.
1528 2965 1571 3017 Na
1583 2967 1646 3017 ndm

199 3051 355 3121 pledevalm
374 3051 508 3120 zaldadajl
528 3051 697 3105 historikove
721 3051 843 3105 nemeen
868 3051 961 3105 lichou
983 3052 1143 3105 domndnku
1161 3070 1239 3116 svou‚
1258 3052 1290 3106 ie
1309 3054 1450 3106 Bohuslav
1468 3052 1514 3121 byl
1532 3053 1647 3105 Nemee.

199 3138 348 3208 Vyvraceti
366 3139 524 3192 domnenku
543 3147 572 3192 tu
591 3138 655 3208 bylo
674 3138 710 3208 by
728 3138 866 3209 zbytedno
884 3155 901 3192 a
919 3140 1072 3202 nemlstno;
1094 3147 1174 3208 proto
1191 3142 1241 3193 zde
1258 3140 1305 3208 jen
1325 3141 1418 3193 kratce
1436 3138 1646 3208 plipominAme,

199 3225 250 3279 coi
269 3227 377 3279 ostatnl
401 3224 446 3280 tei
469 3242 501 3279 ze
525 3225 647 3279 stilisacc
671 3225 842 3295 pilpadntho
866 3227 948 3280 mista
970 3227 1087 3295 vysvlth
1106 3226 1138 3280 ie
1164 3226 1304 3280 Bohuslav
1322 3227 1372 3279 nas
1397 3226 1482 3280 nikoli
1501 3228 1646 3290 Nemcem,

198 3311 284 3381 nybri
300 3312 346 3381 jen
365 3313 490 3382 plltelem
510 3314 618 3367 Nemcu
637 3312 729 3382 slovy:
748 3313 809 3380 Ego
828 3320 902 3366 certe
921 3330 965 3366 mc
984 3314 1155 3366 Germanum
1175 3330 1236 3365 esse
1255 3320 1283 3365 et
1300 3312 1430 3381 profiteor
1451 3320 1479 3365 et
1496 3312 1605 3380 glorior
1616 3331 1647 3367 se

198 3398 278 3453 minil
290 3398 433 3452 osvedditi.
451 3400 524 3453 Tato
541 3401 635 3470 pilzeii
654 3400 810 3453 smdiovala
829 3399 970 3453 kudrienl
989 3399 1120 3452 hodnosti
1139 3399 1261 3452 cisalslre
1274 3398 1315 3467 pli
1327 3399 1374 3451 nsi
1387 3399 1645 3462 ilmsko·n5meclre,

198 3504 217 3538 v
235 3485 280 3539 nit
298 3486 446 3540 zahmoval
465 3487 607 3541 Bohuslav
626 3491 721 3542 ovsem
739 3486 803 3541 take
822 3474 925 3556 Gechy.
944 3485 1059 3554 Srovnej
1079 3486 1124 3540 list
1143 3485 1194 3539 140
1211 3503 1228 3538 a
1245 3485 1401 3555 poznamlru
1420 3486 1436 3539 k
1456 3488 1548 3539 nemu.

893 3771 961 3833 146.

502 3908 722 3983 Bohuslav
750 3907 1000 3983 Bernhardu
1028 3904 1349 3981 Adelmannovi.

285 4096 306 4153 Ζ
326 4095 480 4154 ΗιοΙῦἱοΙιιει
498 4098 635 4165 (1507)-
648 4098 693 4154 2⁰.
714 4096 790 4168 illua.
818 4094 963 4164 Potvrzuje
982 4094 1072 4164 piijetl
1090 4098 1163 4149 dvou
1182 4095 1246 4148 listir
1266 4094 1511 4163 Bemhardovych,
1530 4113 1547 4147 v
1566 4095 1648 4149 nichi

194 4200 235 4238 na
252 4182 361 4252 dpadek
378 4184 432 4238 nse
451 4183 584 4237 ndmeclre
603 4183 745 4238 nalilrano.
764 4184 826 4237 Lici
844 4183 990 4253 povtitivy
1009 4191 1070 4237 stav
1088 4184 1149 4236 veel
1168 4201 1186 4234 v
1199 4169 1329 4235 Cechltch
1347 4199 1364 4235 a
1383 4181 1548 4250 lhostejnost
1566 4183 1648 4252 vlady

195 4272 325 4336 lrndmu,
344 4289 361 4324 a
378 4270 521 4341 vyslovuje
540 4271 682 4324 zarmutek
701 4271 760 4338 sviij
780 4288 795 4323 z
813 4271 888 4324 toho.
907 4271 987 4338 (Luc.
1007 4270 1085 4334 1⁸28b,
1105 4269 1255 4337 vinarickt
1274 4268 1328 4335 89.)

285 4447 472 4510 Bemhardo
494 4446 699 4511 Adelmanno
723 4468 746 4510 s.
770 4469 800 4528 p.
823 4448 854 4509 d.
878 4446 1037 4509 Dederam
1061 4446 1102 4508 ad
1125 4457 1157 4507 te
1179 4448 1289 4525 paucis
1312 4458 1387 4507 ante
1409 4445 1525 4506 diebus
1543 4444 1648 4506 literas

196 4562 232 4614 et
254 4554 354 4614 amice
376 4552 464 4631 apud
495 4563 526 4615 te
548 4565 680 4633 questus
707 4572 787 4625 sum,
822 4551 910 4633 quod
938 4563 1028 4614 tanto
1059 4564 1205 4631 tempore
1234 4549 1309 4610 nihil
1339 4549 1381 4611 ad
1410 4568 1463 4610 me
1489 4549 1648 4624 scriberes,

195 4674 274 4718 cum
295 4668 421 4736 praeter
443 4676 575 4718 omnem
597 4676 688 4735 spem
714 4658 1040 4736 expectationemque
1069 4674 1177 4717 meam
1204 4655 1298 4716 binae
1321 4655 1413 4715 simul
1442 4654 1551 4715 literae
1574 4654 1648 4715 mihi

196 4760 259 4824 abs
286 4771 318 4822 te
343 4760 486 4824 redditae
513 4773 594 4837 sunt,
625 4759 738 4840 plenae
768 4760 869 4835 officii,
896 4761 1138 4823 benevolentiae
1167 4760 1409 4839 suavitatisque,
1440 4759 1556 4839 quibus
1586 4777 1648 4839 ego

196 4867 354 4928 maiorem
376 4867 408 4928 in
424 4866 559 4928 modum
582 4886 653 4928 sum
677 4865 861 4941 delectatus
884 4885 950 4926 non
965 4865 1071 4927 solum
1094 4866 1245 4947 quoniam
1269 4862 1409 4925 intellexi
1425 4883 1466 4925 ex
1482 4866 1534 4938 eis,
1559 4862 1648 4943 quod

196 4988 261 5053 ego
282 4971 426 5031 maxime
448 4972 591 5032 omnium
615 4971 779 5049 optabam,
803 4980 835 5031 te
858 4968 1050 5031 incolumem
1081 4989 1123 5030 ex
1146 4967 1334 5031 Constantia
1364 4968 1395 5028 in
1418 4970 1552 5047 patriam
1579 4967 1649 5028 red-

195 5075 279 5149 iisse,
302 5073 360 5136 sed
383 5076 479 5135 etiam
503 5077 577 5153 quia
600 5074 751 5155 pleraque
774 5073 822 5135 his
845 5075 1008 5147 inseruisti,
1024 5092 1106 5153 quac
1129 5073 1318 5154 cognovisse
1341 5073 1366 5131 si
1390 5074 1519 5133 minime
1541 5074 1649 5135 iucun-

198 5177 286 5251 dum,
317 5187 350 5239 at
373 5197 438 5238 non
463 5180 595 5239 omnino
619 5177 727 5240 inutile
751 5179 814 5238 suit.
848 5176 889 5239 Et
913 5189 946 5239 tu
971 5177 1110 5256 quidem,
1141 5175 1333 5249 Bernhardc‚
1364 5194 1448 5256 quae
1471 5187 1525 5238 tua
1548 5179 1649 5256 pietas

197 5292 256 5358 est,
282 5283 398 5345 merito
421 5285 541 5363 patriae
574 5284 807 5346 calamitatibus
830 5284 962 5366 angeris,
993 5300 1109 5362 ncmpc
1137 5299 1220 5362 quae
1243 5281 1367 5360 optimo
1394 5283 1508 5364 cuique
1535 5281 1650 5343 charis·
