3660 5850
868 429 965 489 1500.
1593 428 1644 484 115

187 646 368 708 obductum
401 649 430 707 in
463 649 625 726 pristinam
655 646 830 709 claritatem
861 644 1025 716 revocasti,
1056 654 1090 703 tu
1121 643 1259 724 denique
1290 641 1551 716 mansuetudinis,
1582 625 1643 705 cle-

186 753 334 823 mentiae,
364 751 559 813 liberalitatis
586 770 698 813 omnes
723 751 753 811 in
778 771 829 810 me
852 747 1010 810 servando
1041 766 1193 808 numeros
1216 746 1396 825 explevisti;
1428 747 1517 828 quod
1540 747 1642 821 valeo,

185 853 276 934 quod
300 855 380 926 vivo,
411 854 499 933 quod
523 856 554 915 in
578 854 692 916 studiis
722 854 771 914 vel
794 857 857 915 vita
880 855 947 933 ipsa
971 851 1046 911 mihi
1070 850 1265 912 dulcioribus
1294 853 1498 931 conquiesco,
1528 850 1560 912 id
1583 852 1641 912 tibi

185 968 291 1020 totum
316 957 422 1019 debeo
446 968 477 1019 et
500 958 556 1017 tibi
580 960 632 1018 uni
657 969 826 1036 acceptum
858 956 975 1017 resero:
1006 967 1196 1034 tantumque
1223 955 1322 1027 abest,
1350 966 1385 1017 ut
1408 955 1488 1016 haec
1511 974 1553 1016 ex
1576 974 1642 1016 me

138 1084 142 1089 ·
185 1063 286 1121 moria
310 1062 478 1135 reiecerim‚
509 1071 543 1122 ut
567 1060 699 1122 tandem
721 1059 843 1144 singula
875 1079 941 1122 non
965 1059 1067 1120 modo
1090 1059 1194 1120 verbis
1217 1077 1327 1120 verum
1350 1072 1382 1121 et
1404 1059 1492 1121 vultu
1516 1069 1548 1121 et
1571 1069 1641 1121 toto

186 1183 270 1243 pene
292 1183 428 1244 corpore
457 1183 535 1244 prae
566 1184 618 1226 me
647 1165 755 1239 feram,
783 1163 858 1226 nihil
888 1183 958 1226 esse
985 1164 1132 1246 cogitans
1154 1164 1251 1223 animi
1274 1174 1341 1223 tam
1364 1162 1487 1224 sordidi
1511 1171 1642 1243 tamque

187 1270 323 1349 angusti,
348 1287 446 1348 quam
470 1267 582 1342 officia,
605 1267 750 1332 videlicet
781 1287 865 1349 quae
894 1265 1071 1348 rependere
1094 1284 1244 1346 nequeas,
1268 1285 1387 1327 necea
1411 1266 1542 1347 quidem
1565 1265 1644 1328 velle

186 1369 319 1432 debere:
343 1390 417 1432 cum
440 1374 635 1450 praesertim,
658 1374 712 1453 qui
735 1375 869 1454 gratiam
902 1371 1007 1445 habet,
1038 1371 1086 1446 (ut
1117 1370 1260 1451 quodam
1291 1367 1365 1431 loco
1388 1370 1495 1431 scribit
1518 1365 1644 1452 Cicero)

187 1476 219 1535 in
241 1493 281 1535 eo
305 1477 383 1554 ipse,
415 1474 504 1556 quod
522 1475 639 1550 -habet,
671 1476 787 1537 referre
815 1494 946 1557 quoque
969 1475 1120 1536 videatur.
1159 1473 1245 1535 Nam
1268 1486 1300 1535 et
1323 1493 1421 1553 purus
1443 1472 1493 1534 ille
1516 1492 1574 1534 nec
1598 1473 1644 1534 s-

186 1590 278 1639 catus
302 1597 394 1639 amor
416 1597 483 1639 non
506 1598 633 1658 semper
656 1579 759 1655 donis,
790 1582 911 1661 quippe
941 1597 1025 1660 quae
1048 1590 1079 1640 et
1101 1578 1143 1639 ab
1166 1577 1313 1639 hostibus
1336 1577 1534 1659 quandoque
1556 1595 1645 1656 prae·

186 1692 318 1756 stantur,
334 1681 392 1744 sed
404 1683 505 1743 multo
522 1685 623 1765 magis
639 1683 704 1745 fide
720 1687 964 1764 sinceritateque
980 1683 1188 1765 dignoscitur.
1213 1681 1366 1743 Imitabor
1382 1684 1488 1762 itaque
1503 1684 1644 1764 optimos

187 1785 258 1847 illos
287 1786 346 1847 sed
373 1786 513 1867 alioquin
545 1806 703 1865 pauperes
733 1787 906 1861 debitores,
938 1790 992 1868 qui
1021 1786 1273 1868 magnitudinem
1301 1788 1381 1846 aeris
1404 1784 1494 1847 alieni
1518 1797 1549 1849 et
1572 1805 1645 1865 pro-

186 1889 323 1951 fessione
345 1893 485 1951 nominis
507 1902 538 1952 et
563 1910 699 1972 magnae
723 1891 796 1953 fidei
820 1892 1082 1971 compensatione
1114 1889 1299 1952 dissolvunt.
1337 1888 1462 1969 Quodsi
1486 1892 1644 1970 quispiam

188 1994 308 2071 lynceis
336 1998 427 2074 quasi
459 1994 558 2056 oculis
587 1997 618 2055 in
646 1995 818 2075 penetralia
842 1998 939 2056 nostri
969 1994 1074 2057 cordis
1098 1996 1258 2075 irrumpat,
1282 1994 1402 2055 ibidem
1432 2006 1463 2056 te
1486 1994 1646 2075 sculptum

187 2097 397 2159 indelebiliter
419 2097 597 2178 trabalique
625 2099 709 2160 velnt
739 2098 830 2160 clavo
852 2099 987 2161 infixum
1011 2098 1156 2177 protinus
1180 2109 1342 2179 agnoscet.
1380 2096 1543 2178 Quoniam
1571 2117 1647 2159 vero

188 2202 323 2262 latentes
358 2201 489 2262 humani
523 2204 661 2280 pectoris
695 2220 847 2274 recessus,
886 2202 945 2262 soli
981 2220 1087 2263 rerum
1122 2199 1226 2280 opifici
1260 2201 1332 2262 Deo
1366 2203 1470 2279 pervii,
1505 2204 1648 2281 corporis

188 2306 334 2366 sensibus
364 2307 473 2385 inspici
503 2317 674 2386 nequeunt,
710 2307 830 2367 tentavi
864 2307 979 2367 mentis
1012 2324 1135 2378 arcana,
1171 2303 1280 2384 quoad
1315 2304 1407 2380 licuit,
1442 2303 1542 2367 Musis
1573 2307 1648 2384 ipsis

189 2410 405 2490 loquentibus,
429 2410 621 2488 patefacere:
652 2428 719 2470 non
743 2408 832 2490 quod
856 2407 929 2470 inde
959 2408 1078 2488 aliquid
1103 2427 1155 2468 me
1178 2410 1252 2468 novi
1275 2407 1455 2486 splendoris
1477 2408 1645 2471 allaturum

188 2514 244 2575 tibi
267 2515 336 2574 viro
359 2513 534 2574 clarissimo
554 2531 785 2593 nunquamque
808 2515 884 2573 satis
907 2510 1038 2574 laudato
1062 2511 1224 2573 confidam
1247 2511 1292 2594 lid
1308 2513 1393 2573 enim
1410 2525 1493 2575 esset
1509 2511 1643 2576 Oceano

190 2615 305 2678 fluctus
336 2616 456 2679 addere
487 2630 519 2679 et
549 2629 670 2690 ventos,
702 2617 791 2697 quod
822 2619 917 2689 aiunt,
946 2617 1066 2677 retibus
1095 2625 1249 2694 captare),
1278 2616 1336 2677 sed
1367 2629 1401 2678 ut
1425 2635 1533 2677 meum
1557 2619 1644 2678 inte

188 2738 333 2781 amorem
357 2733 471 2784 notum
494 2722 646 2782 omnibus
676 2732 893 2801 testatumque
924 2720 1109 2800 relinquam.
1147 2715 1316 2781 Caeterum
1340 2720 1444 2783 nullus
1468 2723 1584 2800 opinor
1606 2741 1644 2782 ea

188 2823 314 2884 dicendi
338 2827 440 2903 copia,
461 2825 509 2885 his
532 2827 733 2905 eloquentiae
757 2826 874 2903 opibus
896 2824 1050 2898 abundat,
1073 2825 1127 2904 qui
1147 2835 1218 2885 tuas
1234 2823 1346 2885 laudes
1361 2843 1426 2885 non
1443 2824 1516 2887 dico
1532 2825 1643 2904 ampli-

190 2928 283 2989 ficare
308 2928 365 2989 sed
388 2932 504 2991 cursim
534 2942 566 2992 et
597 2949 653 3008 per
684 2932 788 3009 capita
815 2948 983 2991 numerare
1007 2947 1044 2989 ac
1069 2926 1171 2989 nudas
1195 2947 1301 2989 rerum
1323 2948 1466 2990 summas
1489 2931 1643 3012 attingere

189 3044 302 3112 queat:
327 3052 400 3094 cum
423 3033 569 3095 videlieet
591 3043 683 3095 tanto
706 3035 748 3096 sis
772 3035 908 3114 ingenie,
932 3044 998 3094 tam
1023 3032 1110 3105 facili,
1134 3044 1200 3093 tam
1224 3035 1405 3111 perspicaci,
1430 3045 1463 3094 ut
1479 3034 1596 3113 quibus
1612 3036 1643 3095 in

190 3135 321 3218 singulis
344 3136 500 3197 excellere
522 3137 573 3198 alii
597 3157 751 3219 magnum
775 3148 896 3216 putant,
921 3149 955 3199 tu
979 3138 1010 3196 in
1033 3138 1185 3197 universis
1209 3138 1326 3215 pariter
1344 3139 1493 3210 emineas,
1517 3156 1644 3215 parum·

190 3260 254 3319 que
277 3240 333 3302 tibi
359 3239 501 3302 videatur
524 3241 604 3302 alios
626 3240 794 3320 prudentia
818 3253 849 3302 et
872 3242 1041 3302 autoritate
1065 3258 1226 3317 superare,
1250 3242 1307 3301 nisi
1332 3240 1490 3303 modestia
1513 3261 1645 3321 quoque

191 3355 222 3406 et
254 3344 452 3405 humanitate
483 3347 657 3423 pervincas,
696 3345 781 3406 Nam
812 3345 963 3424 probitas,
994 3345 1119 3416 iustitia,
1149 3344 1257 3426 religio
1288 3355 1378 3406 tuum
1408 3356 1521 3424 pectus
1547 3354 1645 3425 atque

193 3450 337 3509 animum
365 3450 455 3527 quasi
486 3451 699 3530 gratissimum
730 3448 861 3529 aliquod
892 3447 1087 3510 domicilium
1118 3447 1339 3527 templumque
1362 3448 1556 3532 delegerunt.
1593 3448 1645 3510 Tu

194 3553 294 3613 ferme
317 3552 404 3613 solus
436 3554 467 3613 in
498 3564 585 3614 tanta
616 3552 709 3614 huius
739 3553 836 3614 seculi
865 3551 997 3634 caligine
1020 3572 1117 3614 ausus
1140 3552 1245 3613 lucem
1268 3570 1395 3631 sperare
1417 3554 1512 3615 veluti
1534 3563 1645 3616 contra

194 3668 369 3718 torrentem
403 3656 689 3734 perditissimorum
725 3675 852 3718 morum
882 3656 1011 3718 brachia
1037 3654 1168 3718 tendere
1198 3675 1264 3716 non
1293 3675 1400 3717 cessas
1430 3675 1646 3740 magnamque

192 3759 278 3821 adeo
309 3760 502 3838 reipublicae
532 3772 663 3841 partem,
695 3781 778 3841 quae
808 3758 997 3821 difficillimis
1025 3760 1224 3840 temporibus
1255 3779 1363 3822 carere
1394 3772 1449 3823 tua
1471 3780 1569 3841 opera
1592 3762 1646 3821 vix

193 3876 310 3945 potest,
335 3864 432 3927 firmis
455 3865 697 3945 valentibusque
714 3866 853 3927 humeris
868 3865 1013 3938 sustines,
1036 3875 1071 3924 ut
1087 3883 1139 3924 me
1156 3864 1282 3925 hercule
1297 3884 1394 3944 saepe
1409 3866 1645 3944 obstupescam,

194 3972 287 4031 unius
311 3981 346 4030 ut
368 3970 507 4032 hominis
529 3969 609 4030 vires
625 3980 715 4031 tanto
731 3969 922 4050 perferendo
938 3970 1026 4030 oneri
1043 3987 1136 4047 pares
1152 3987 1222 4029 esse
1238 3969 1377 4031 valeant:
1401 3980 1490 4032 tuam
1506 3986 1647 4049 namque

194 4075 225 4133 in
248 4073 384 4154 Regiam
407 4071 636 4136 Celsitudinem
660 4072 759 4134 fidem
783 4073 857 4134 nihil
876 4076 989 4136 attinet
1004 4085 1114 4137 nostro
1130 4076 1313 4138 testimonio
1329 4075 1549 4156 comprobare,
1571 4093 1644 4136 cum

194 4176 245 4237 illa
269 4195 336 4238 uno
359 4179 504 4238 omnium
526 4196 686 4238 consensu
710 4180 852 4238 maxima
875 4197 1002 4256 semper
1024 4177 1272 4258 admiribilisque
1296 4178 1502 4258 praedicetur,
1525 4188 1647 4240 tantae-

193 4300 258 4362 que
282 4283 408 4359 pietatis
438 4291 589 4344 constans
620 4283 730 4360 opinio
760 4292 875 4343 cuncta
906 4300 963 4360 per
993 4302 1049 4344 ora
1076 4282 1185 4345 volitet
1216 4283 1364 4361 claraque
1395 4283 1540 4344 omnium
1567 4300 1647 4343 voce

193 4384 383 4446 celebretur.
421 4384 462 4446 Et
492 4385 554 4447 hoc
586 4385 716 4466 quidem
740 4385 852 4454 effecit,
884 4389 972 4447 utin
995 4389 1138 4448 animum
1161 4387 1345 4448 inducerem
1369 4406 1421 4448 me
1445 4405 1510 4447 non
1533 4405 1645 4465 parum

194 4490 254 4551 abs
277 4502 309 4549 te
331 4492 450 4570 gratiae
474 4491 632 4561 initurum,
655 4491 680 4550 si
696 4491 828 4550 maximi
845 4490 1054 4570 eiusdemque
1069 4492 1315 4552 christianissimi
1332 4493 1424 4573 regis,
1447 4490 1534 4568 apud
1550 4508 1647 4569 quem

194 4593 427 4671 amplissimum
450 4592 613 4674 dignitatis
635 4593 771 4674 gradum
794 4594 929 4667 obtines,
953 4597 1088 4656 eximias
1110 4597 1206 4656 animi
1228 4598 1435 4674 corporisque
1451 4595 1553 4667 dotes,
1576 4594 1648 4655 licet

194 4699 297 4779 magis
319 4695 518 4759 confidenter
541 4715 639 4775 quam
662 4700 800 4776 copiose,
823 4697 1026 4760 celebrarem.
1049 4698 1112 4778 Qui
1135 4700 1219 4759 enim
1236 4718 1368 4778 possum
1385 4699 1484 4760 homo
1501 4697 1648 4760 modicae

194 4801 374 4863 literaturae
408 4821 570 4864 summum
608 4812 705 4880 atque
738 4801 822 4862 adeo
857 4805 1000 4863 omnium
1038 4803 1247 4865 clarissimum
1286 4806 1461 4883 principem
1499 4802 1648 4864 laudibus

194 4924 342 4984 aequare,
366 4907 457 4968 cuius
480 4905 641 4967 excellens
664 4907 836 4987 ingenium,
860 4906 1026 4988 singularis
1048 4909 1155 4980 virtus
1179 4906 1369 4969 incredibilis
1392 4908 1546 4985 sapientia
1563 4905 1648 4967 bello

194 5027 231 5069 ac
254 5028 335 5088 pace
353 5010 388 5068 'in
420 5009 489 5070 dies
519 5012 621 5091 magis
652 5012 819 5090 magisque
848 5009 1000 5071 clarescit.
1039 5010 1147 5072 Nihilo
1178 5022 1263 5072 certe
1294 5011 1407 5072 melius
1430 5028 1527 5090 quam
1551 5010 1576 5070 si
1599 5009 1648 5070 vel

194 5109 363 5174 Choerilus
375 5110 596 5175 Alexandrum
613 5113 662 5173 vel
674 5112 819 5174 Maevius
833 5112 1018 5195 Augustum
1034 5114 1227 5178 decantaret.
1244 5114 1370 5194 Quibus
1385 5126 1493 5176 tamen
1508 5116 1650 5192 utrisque

196 5214 247 5297 (sit
270 5219 391 5279 veritati
416 5215 518 5299 locus)
542 5217 592 5278 hie
615 5228 725 5278 noster
756 5217 852 5299 longe
879 5218 1045 5293 antecellit,
1075 5222 1098 5279 si
1124 5219 1254 5298 quidem
1278 5239 1338 5279 nec
1361 5220 1502 5281 victrices
1524 5217 1648 5279 illorum

196 5320 302 5380 lauros
318 5333 487 5383 auratosve
510 5340 619 5382 currus
643 5332 696 5382 aut
721 5333 837 5382 onusta
859 5322 967 5400 spoliis
990 5323 1144 5400 trophaea
1161 5343 1234 5384 cum
1250 5324 1342 5384 huius
1359 5325 1483 5402 pietate,
1499 5323 1650 5402 religione

1459 5456 1494 5509 8*
