<?xml version="1.0" encoding="UTF-8"?>
<!DOCTYPE html PUBLIC "-//W3C//DTD XHTML 1.0 Transitional//EN"
    "http://www.w3.org/TR/xhtml1/DTD/xhtml1-transitional.dtd">
<html xmlns="http://www.w3.org/1999/xhtml" xml:lang="en" lang="en">
 <head>
  <title>
</title>
<meta http-equiv="Content-Type" content="text/html;charset=utf-8" />
  <meta name='ocr-system' content='tesseract 3.04.00' />
  <meta name='ocr-capabilities' content='ocr_page ocr_carea ocr_par ocr_line ocrx_word'/>
</head>
<body>
  <div class='ocr_page' id='page_1' title='image "./listbohuslavaha00truhgoog_0159.png"; bbox 0 0 3660 5850; ppageno 0'>
   <div class='ocr_carea' id='block_1_1' title="bbox 880 408 1650 469">
    <p class='ocr_par' dir='ltr' id='par_1_1' title="bbox 880 408 1650 469">
     <span class='ocr_line' id='line_1_1' title="bbox 880 408 1650 469; baseline -0.003 -2"><span class='ocrx_word' id='word_1_1' title='bbox 880 408 974 469; x_wconf 74' lang='lat'>1502</span> <span class='ocrx_word' id='word_1_2' title='bbox 1601 411 1650 466; x_wconf 82' lang='grc'>131</span> 
     </span>
    </p>
   </div>
   <div class='ocr_carea' id='block_1_2' title="bbox 197 621 1654 1851">
    <p class='ocr_par' dir='ltr' id='par_1_2' title="bbox 197 621 1654 1851">
     <span class='ocr_line' id='line_1_2' title="bbox 197 621 1651 704; baseline 0.003 -22"><span class='ocrx_word' id='word_1_3' title='bbox 197 623 285 700; x_wconf 86' lang='lat' dir='ltr'><strong>cipes</strong></span> <span class='ocrx_word' id='word_1_4' title='bbox 319 624 435 683; x_wconf 89' lang='lat' dir='ltr'>caeteri</span> <span class='ocrx_word' id='word_1_5' title='bbox 470 625 585 701; x_wconf 88' lang='lat' dir='ltr'>partim</span> <span class='ocrx_word' id='word_1_6' title='bbox 617 621 795 685; x_wconf 84' lang='lat' dir='ltr'><strong>simultates</strong></span> <span class='ocrx_word' id='word_1_7' title='bbox 833 625 971 701; x_wconf 88' lang='lat' dir='ltr'>privatas</span> <span class='ocrx_word' id='word_1_8' title='bbox 1008 634 1249 704; x_wconf 91' lang='lat' dir='ltr'>persequantur,</span> <span class='ocrx_word' id='word_1_9' title='bbox 1284 626 1399 702; x_wconf 90' lang='lat' dir='ltr'>partim</span> <span class='ocrx_word' id='word_1_10' title='bbox 1433 625 1651 704; x_wconf 89' lang='lat' dir='ltr'>voluptatibus</span> 
     </span>
     <span class='ocr_line' id='line_1_3' title="bbox 197 722 1652 811; baseline 0.003 -25"><span class='ocrx_word' id='word_1_11' title='bbox 197 736 370 800; x_wconf 84' lang='lat' dir='ltr'>marceant,</span> <span class='ocrx_word' id='word_1_12' title='bbox 393 726 576 808; x_wconf 81' lang='lat' dir='ltr'><strong>religionem</strong></span> <span class='ocrx_word' id='word_1_13' title='bbox 607 747 684 787; x_wconf 91' lang='lat' dir='ltr'>vero</span> <span class='ocrx_word' id='word_1_14' title='bbox 707 738 738 788; x_wconf 92' lang='lat' dir='ltr'>et</span> <span class='ocrx_word' id='word_1_15' title='bbox 761 722 970 789; x_wconf 85' lang='lat' dir='ltr'>Christianam</span> <span class='ocrx_word' id='word_1_16' title='bbox 994 727 1224 805; x_wconf 85' lang='lat' dir='ltr'><strong>rempublicam</strong></span> <span class='ocrx_word' id='word_1_17' title='bbox 1248 747 1362 790; x_wconf 91' lang='lat' dir='ltr'>omnes</span> <span class='ocrx_word' id='word_1_18' title='bbox 1385 729 1552 811; x_wconf 84' lang='lat' dir='ltr'>negligant.</span> <span class='ocrx_word' id='word_1_19' title='bbox 1588 727 1652 790; x_wconf 79' lang='lat' dir='ltr'>Ne</span> 
     </span>
     <span class='ocr_line' id='line_1_4' title="bbox 198 830 1652 912; baseline 0.003 -22"><span class='ocrx_word' id='word_1_20' title='bbox 198 847 263 908; x_wconf 91' lang='lat' dir='ltr'>que</span> <span class='ocrx_word' id='word_1_21' title='bbox 293 833 367 903; x_wconf 89' lang='lat' dir='ltr'>scio,</span> <span class='ocrx_word' id='word_1_22' title='bbox 398 848 438 891; x_wconf 89' lang='lat' dir='ltr'>an</span> <span class='ocrx_word' id='word_1_23' title='bbox 471 830 534 892; x_wconf 90' lang='lat' dir='ltr'>ulla</span> <span class='ocrx_word' id='word_1_24' title='bbox 564 842 745 892; x_wconf 89' lang='lat' dir='ltr'>nostrarum</span> <span class='ocrx_word' id='word_1_25' title='bbox 775 833 917 912; x_wconf 89' lang='lat' dir='ltr'>gentium</span> <span class='ocrx_word' id='word_1_26' title='bbox 949 843 1074 909; x_wconf 90' lang='lat' dir='ltr'>praeter</span> <span class='ocrx_word' id='word_1_27' title='bbox 1104 831 1286 893; x_wconf 92' lang='lat' dir='ltr'>Pannonios</span> <span class='ocrx_word' id='word_1_28' title='bbox 1316 835 1348 894; x_wconf 92' lang='lat' dir='ltr'>in</span> <span class='ocrx_word' id='word_1_29' title='bbox 1374 834 1471 895; x_wconf 90' lang='lat' dir='ltr'>armis</span> <span class='ocrx_word' id='word_1_30' title='bbox 1500 832 1652 895; x_wconf 90' lang='lat' dir='ltr'>adversus</span> 
     </span>
     <span class='ocr_line' id='line_1_5' title="bbox 198 931 1653 1013; baseline 0.003 -19"><span class='ocrx_word' id='word_1_31' title='bbox 198 931 323 995; x_wconf 91' lang='lat' dir='ltr'>Turcos</span> <span class='ocrx_word' id='word_1_32' title='bbox 353 936 399 1005; x_wconf 91' lang='lat' dir='ltr'>sit,</span> <span class='ocrx_word' id='word_1_33' title='bbox 423 936 485 1013; x_wconf 90' lang='lat' dir='ltr'>qui,</span> <span class='ocrx_word' id='word_1_34' title='bbox 509 935 587 996; x_wconf 90' lang='lat' dir='ltr'>dum</span> <span class='ocrx_word' id='word_1_35' title='bbox 618 934 696 996; x_wconf 84' lang='lat' dir='ltr'>fines</span> <span class='ocrx_word' id='word_1_36' title='bbox 727 955 803 996; x_wconf 92' lang='lat' dir='ltr'>suos</span> <span class='ocrx_word' id='word_1_37' title='bbox 826 934 1010 1010; x_wconf 81' lang='lat' dir='ltr'>detendunt,</span> <span class='ocrx_word' id='word_1_38' title='bbox 1034 937 1090 998; x_wconf 91' lang='lat' dir='ltr'>toti</span> <span class='ocrx_word' id='word_1_39' title='bbox 1115 935 1306 998; x_wconf 81' lang='lat' dir='ltr'>Germaniae</span> <span class='ocrx_word' id='word_1_40' title='bbox 1329 937 1420 998; x_wconf 90' lang='lat' dir='ltr'>saluti</span> <span class='ocrx_word' id='word_1_41' title='bbox 1443 948 1525 999; x_wconf 91' lang='lat' dir='ltr'>sunt.</span> <span class='ocrx_word' id='word_1_42' title='bbox 1551 935 1653 998; x_wconf 90' lang='lat' dir='ltr'>Hero-</span> 
     </span>
     <span class='ocr_line' id='line_1_6' title="bbox 198 1037 1653 1120; baseline -0.001 -17"><span class='ocrx_word' id='word_1_43' title='bbox 198 1037 315 1103; x_wconf 87' lang='lat' dir='ltr'>dotum</span> <span class='ocrx_word' id='word_1_44' title='bbox 343 1050 374 1099; x_wconf 89' lang='lat' dir='ltr'>et</span> <span class='ocrx_word' id='word_1_45' title='bbox 400 1037 648 1120; x_wconf 86' lang='lat' dir='ltr'>Etyrnologicon</span> <span class='ocrx_word' id='word_1_46' title='bbox 672 1041 807 1101; x_wconf 88' lang='lat' dir='ltr'>exscribi</span> <span class='ocrx_word' id='word_1_47' title='bbox 838 1038 914 1099; x_wconf 90' lang='lat' dir='ltr'>mihi</span> <span class='ocrx_word' id='word_1_48' title='bbox 943 1039 1050 1111; x_wconf 90' lang='lat' dir='ltr'>laetor,</span> <span class='ocrx_word' id='word_1_49' title='bbox 1078 1058 1183 1120; x_wconf 90' lang='lat' dir='ltr'>neque</span> <span class='ocrx_word' id='word_1_50' title='bbox 1213 1041 1273 1101; x_wconf 93' lang='lat' dir='ltr'>hos</span> <span class='ocrx_word' id='word_1_51' title='bbox 1302 1039 1430 1102; x_wconf 91' lang='lat' dir='ltr'>codices</span> <span class='ocrx_word' id='word_1_52' title='bbox 1460 1042 1565 1103; x_wconf 87' lang='lat' dir='ltr'>solum</span> <span class='ocrx_word' id='word_1_53' title='bbox 1596 1040 1653 1102; x_wconf 89' lang='lat' dir='ltr'>sed</span> 
     </span>
     <span class='ocr_line' id='line_1_7' title="bbox 199 1141 1652 1226; baseline 0.003 -24"><span class='ocrx_word' id='word_1_54' title='bbox 199 1143 295 1202; x_wconf 89' lang='lat' dir='ltr'>etiam</span> <span class='ocrx_word' id='word_1_55' title='bbox 319 1142 406 1215; x_wconf 89' lang='lat' dir='ltr'>alios,</span> <span class='ocrx_word' id='word_1_56' title='bbox 425 1160 507 1221; x_wconf 93' lang='lat' dir='ltr'>quos</span> <span class='ocrx_word' id='word_1_57' title='bbox 530 1143 561 1202; x_wconf 92' lang='lat' dir='ltr'>in</span> <span class='ocrx_word' id='word_1_58' title='bbox 584 1141 736 1204; x_wconf 86' lang='lat' dir='ltr'>schedula</span> <span class='ocrx_word' id='word_1_59' title='bbox 759 1143 831 1205; x_wconf 91' lang='lat' dir='ltr'>huic</span> <span class='ocrx_word' id='word_1_60' title='bbox 854 1144 1008 1221; x_wconf 89' lang='lat' dir='ltr'>epistolae</span> <span class='ocrx_word' id='word_1_61' title='bbox 1030 1143 1151 1205; x_wconf 89' lang='lat' dir='ltr'>inclusa</span> <span class='ocrx_word' id='word_1_62' title='bbox 1171 1147 1329 1219; x_wconf 88' lang='lat' dir='ltr'>annotavi,</span> <span class='ocrx_word' id='word_1_63' title='bbox 1353 1163 1471 1226; x_wconf 91' lang='lat' dir='ltr'>magno</span> <span class='ocrx_word' id='word_1_64' title='bbox 1495 1143 1652 1206; x_wconf 91' lang='lat' dir='ltr'>desiderio</span> 
     </span>
     <span class='ocr_line' id='line_1_8' title="bbox 199 1245 1653 1327; baseline 0.004 -23"><span class='ocrx_word' id='word_1_65' title='bbox 199 1256 347 1324; x_wconf 83' lang='lat' dir='ltr'>expecto</span> <span class='ocrx_word' id='word_1_66' title='bbox 382 1246 553 1306; x_wconf 88' lang='lat' dir='ltr'>Pecuniam</span> <span class='ocrx_word' id='word_1_67' title='bbox 584 1256 691 1308; x_wconf 89' lang='lat' dir='ltr'>autern</span> <span class='ocrx_word' id='word_1_68' title='bbox 722 1246 809 1326; x_wconf 94' lang='lat' dir='ltr'>apud</span> <span class='ocrx_word' id='word_1_69' title='bbox 832 1246 986 1309; x_wconf 89' lang='lat' dir='ltr'>loannem</span> <span class='ocrx_word' id='word_1_70' title='bbox 1010 1245 1145 1309; x_wconf 85' lang='lat' dir='ltr'>ln-Hoff</span> <span class='ocrx_word' id='word_1_71' title='bbox 1170 1247 1313 1327; x_wconf 89' lang='lat' dir='ltr'>deposui,</span> <span class='ocrx_word' id='word_1_72' title='bbox 1337 1267 1429 1327; x_wconf 88' lang='lat' dir='ltr'>quae,</span> <span class='ocrx_word' id='word_1_73' title='bbox 1452 1259 1488 1310; x_wconf 93' lang='lat' dir='ltr'>ut</span> <span class='ocrx_word' id='word_1_74' title='bbox 1509 1248 1653 1323; x_wconf 83' lang='lat' dir='ltr'>arbitror,</span> 
     </span>
     <span class='ocr_line' id='line_1_9' title="bbox 199 1348 1653 1431; baseline 0.005 -23"><span class='ocrx_word' id='word_1_75' title='bbox 199 1350 387 1428; x_wconf 85' lang='lat' dir='ltr'>propediem</span> <span class='ocrx_word' id='word_1_76' title='bbox 410 1348 452 1410; x_wconf 91' lang='lat' dir='ltr'>ad</span> <span class='ocrx_word' id='word_1_77' title='bbox 474 1360 507 1411; x_wconf 91' lang='lat' dir='ltr'>te</span> <span class='ocrx_word' id='word_1_78' title='bbox 531 1349 697 1413; x_wconf 86' lang='lat' dir='ltr'>deferetur.</span> <span class='ocrx_word' id='word_1_79' title='bbox 720 1349 827 1412; x_wconf 83' lang='lat' dir='ltr'>Tuum</span> <span class='ocrx_word' id='word_1_80' title='bbox 843 1363 891 1413; x_wconf 91' lang='lat' dir='ltr'>est</span> <span class='ocrx_word' id='word_1_81' title='bbox 914 1354 985 1425; x_wconf 84' lang='lat' dir='ltr'>ianr,</span> <span class='ocrx_word' id='word_1_82' title='bbox 1009 1364 1098 1431; x_wconf 90' lang='lat' dir='ltr'>pater</span> <span class='ocrx_word' id='word_1_83' title='bbox 1120 1349 1309 1426; x_wconf 86' lang='lat' dir='ltr'>Cherubine,</span> <span class='ocrx_word' id='word_1_84' title='bbox 1332 1371 1449 1426; x_wconf 91' lang='lat' dir='ltr'>curare,</span> <span class='ocrx_word' id='word_1_85' title='bbox 1473 1364 1507 1414; x_wconf 91' lang='lat' dir='ltr'>ut</span> <span class='ocrx_word' id='word_1_86' title='bbox 1531 1350 1653 1414; x_wconf 91' lang='lat' dir='ltr'>Aristo-</span> 
     </span>
     <span class='ocr_line' id='line_1_10' title="bbox 201 1453 1653 1539; baseline 0.004 -26"><span class='ocrx_word' id='word_1_87' title='bbox 201 1453 296 1515; x_wconf 89' lang='lat' dir='ltr'>bolus</span> <span class='ocrx_word' id='word_1_88' title='bbox 327 1471 392 1514; x_wconf 93' lang='grc'>000</span> <span class='ocrx_word' id='word_1_89' title='bbox 416 1454 519 1516; x_wconf 89' lang='lat' dir='ltr'>solum</span> <span class='ocrx_word' id='word_1_90' title='bbox 551 1454 627 1516; x_wconf 86' lang='lat' dir='ltr'>boni</span> <span class='ocrx_word' id='word_1_91' title='bbox 657 1458 712 1517; x_wconf 90' lang='lat' dir='ltr'>viri</span> <span class='ocrx_word' id='word_1_92' title='bbox 743 1454 799 1517; x_wconf 91' lang='lat' dir='ltr'>sed</span> <span class='ocrx_word' id='word_1_93' title='bbox 829 1457 925 1518; x_wconf 90' lang='lat' dir='ltr'>etiarn</span> <span class='ocrx_word' id='word_1_94' title='bbox 952 1456 1110 1539; x_wconf 90' lang='lat' dir='ltr'>diligentis</span> <span class='ocrx_word' id='word_1_95' title='bbox 1136 1458 1297 1535; x_wconf 88' lang='lat' dir='ltr'>scriptoris</span> <span class='ocrx_word' id='word_1_96' title='bbox 1321 1453 1368 1537; x_wconf 88' lang='lat' dir='ltr'>(ut</span> <span class='ocrx_word' id='word_1_97' title='bbox 1392 1456 1546 1519; x_wconf 90' lang='lat' dir='ltr'>hactenus</span> <span class='ocrx_word' id='word_1_98' title='bbox 1568 1454 1653 1537; x_wconf 84' lang='lat' dir='ltr'>fecit)</span> 
     </span>
     <span class='ocr_line' id='line_1_11' title="bbox 199 1556 1653 1641; baseline 0.003 -25"><span class='ocrx_word' id='word_1_99' title='bbox 199 1556 305 1617; x_wconf 85' lang='lat' dir='ltr'>ollicio</span> <span class='ocrx_word' id='word_1_100' title='bbox 329 1558 484 1639; x_wconf 83' lang='lat' dir='ltr'>iungatur.</span> <span class='ocrx_word' id='word_1_101' title='bbox 526 1559 615 1633; x_wconf 85' lang='lat' dir='ltr'>Vale,</span> <span class='ocrx_word' id='word_1_102' title='bbox 647 1563 767 1638; x_wconf 88' lang='lat' dir='ltr'>optime</span> <span class='ocrx_word' id='word_1_103' title='bbox 791 1571 888 1638; x_wconf 91' lang='lat' dir='ltr'>pater,</span> <span class='ocrx_word' id='word_1_104' title='bbox 920 1579 1173 1641; x_wconf 85' lang='lat' dir='ltr'>persuasumque</span> <span class='ocrx_word' id='word_1_105' title='bbox 1204 1561 1287 1622; x_wconf 90' lang='lat' dir='ltr'>habe</span> <span class='ocrx_word' id='word_1_106' title='bbox 1318 1580 1370 1622; x_wconf 91' lang='lat' dir='ltr'>me</span> <span class='ocrx_word' id='word_1_107' title='bbox 1400 1562 1454 1622; x_wconf 88' lang='lat' dir='ltr'>tibi</span> <span class='ocrx_word' id='word_1_108' title='bbox 1479 1580 1522 1620; x_wconf 94' lang='lat' dir='ltr'>ex</span> <span class='ocrx_word' id='word_1_109' title='bbox 1545 1562 1653 1621; x_wconf 88' lang='lat' dir='ltr'>animo</span> 
     </span>
     <span class='ocr_line' id='line_1_12' title="bbox 200 1661 1654 1746; baseline 0.002 -25"><span class='ocrx_word' id='word_1_110' title='bbox 200 1661 282 1722; x_wconf 82' lang='lat' dir='ltr'>affici</span> <span class='ocrx_word' id='word_1_111' title='bbox 306 1662 445 1740; x_wconf 90' lang='lat' dir='ltr'>nihilque</span> <span class='ocrx_word' id='word_1_112' title='bbox 469 1666 570 1746; x_wconf 90' lang='lat' dir='ltr'>magis</span> <span class='ocrx_word' id='word_1_113' title='bbox 600 1677 718 1744; x_wconf 91' lang='lat' dir='ltr'>optare,</span> <span class='ocrx_word' id='word_1_114' title='bbox 743 1684 841 1745; x_wconf 87' lang='lat' dir='ltr'>quarn</span> <span class='ocrx_word' id='word_1_115' title='bbox 872 1675 906 1725; x_wconf 90' lang='lat' dir='ltr'>ut</span> <span class='ocrx_word' id='word_1_116' title='bbox 937 1664 1111 1745; x_wconf 91' lang='lat' dir='ltr'>aliquando</span> <span class='ocrx_word' id='word_1_117' title='bbox 1143 1677 1217 1726; x_wconf 86' lang='lat' dir='ltr'>tuae</span> <span class='ocrx_word' id='word_1_118' title='bbox 1239 1684 1315 1746; x_wconf 90' lang='lat' dir='ltr'>erga</span> <span class='ocrx_word' id='word_1_119' title='bbox 1338 1684 1389 1724; x_wconf 89' lang='lat' dir='ltr'>me</span> <span class='ocrx_word' id='word_1_120' title='bbox 1413 1664 1654 1726; x_wconf 90' lang='lat' dir='ltr'>benevolentiae</span> 
     </span>
     <span class='ocr_line' id='line_1_13' title="bbox 200 1753 922 1851; baseline 0.004 -26"><span class='ocrx_word' id='word_1_121' title='bbox 200 1767 335 1847; x_wconf 85' lang='lat' dir='ltr'>gratiam</span> <span class='ocrx_word' id='word_1_122' title='bbox 357 1753 473 1828; x_wconf 86' lang='lat' dir='ltr'>referre</span> <span class='ocrx_word' id='word_1_123' title='bbox 496 1771 625 1846; x_wconf 88' lang='lat' dir='ltr'>possim.</span> <span class='ocrx_word' id='word_1_124' title='bbox 648 1765 786 1851; x_wconf 85' lang='lat' dir='ltr'>Augusti</span> <span class='ocrx_word' id='word_1_125' title='bbox 809 1767 922 1829; x_wconf 88' lang='grc' dir='ltr'>ΧΧΙΙΙ.</span> 
     </span>
    </p>
   </div>
   <div class='ocr_carea' id='block_1_3' title="bbox 151 1972 1655 2389">
    <p class='ocr_par' dir='ltr' id='par_1_3' title="bbox 151 1972 1655 2389">
     <span class='ocr_line' id='line_1_14' title="bbox 291 1972 1655 2041; baseline 0.002 -19"><span class='ocrx_word' id='word_1_126' title='bbox 291 1972 314 2022; x_wconf 93' lang='lat' dir='ltr'>V</span> <span class='ocrx_word' id='word_1_127' title='bbox 333 1972 437 2024; x_wconf 75' lang='grc'><strong>11101001</strong></span> <span class='ocrx_word' id='word_1_128' title='bbox 458 1972 575 2024; x_wconf 75' lang='grc'><strong>1111101010</strong></span> <span class='ocrx_word' id='word_1_129' title='bbox 595 1972 725 2041; x_wconf 70' lang='lat' dir='ltr'>piebyval</span> <span class='ocrx_word' id='word_1_130' title='bbox 743 1973 869 2025; x_wconf 87' lang='lat' dir='ltr'>adressat</span> <span class='ocrx_word' id='word_1_131' title='bbox 886 1973 950 2025; x_wconf 88' lang='lat' dir='ltr'>listu</span> <span class='ocrx_word' id='word_1_132' title='bbox 970 1972 1076 2035; x_wconf 88' lang='lat' dir='ltr'>tohoto,</span> <span class='ocrx_word' id='word_1_133' title='bbox 1095 1974 1235 2026; x_wconf 88' lang='lat' dir='ltr'>neumime</span> <span class='ocrx_word' id='word_1_134' title='bbox 1254 1973 1313 2027; x_wconf 85' lang='lat' dir='ltr'>lici.</span> <span class='ocrx_word' id='word_1_135' title='bbox 1339 1973 1423 2025; x_wconf 89' lang='lat' dir='ltr'>Podle</span> <span class='ocrx_word' id='word_1_136' title='bbox 1443 1973 1525 2040; x_wconf 71' lang='lat' dir='ltr'>zprdv</span> <span class='ocrx_word' id='word_1_137' title='bbox 1544 1992 1560 2025; x_wconf 96' lang='lat' dir='ltr'>o</span> <span class='ocrx_word' id='word_1_138' title='bbox 1576 1974 1655 2025; x_wconf 74' lang='lat' dir='ltr'>valce</span> 
     </span>
     <span class='ocr_line' id='line_1_15' title="bbox 201 2058 1655 2127; baseline 0.002 -17"><span class='ocrx_word' id='word_1_139' title='bbox 201 2059 315 2110; x_wconf 79' lang='grc'><strong>10100116</strong></span> <span class='ocrx_word' id='word_1_140' title='bbox 334 2058 423 2111; x_wconf 71' lang='grc'><strong>0111011</strong></span> <span class='ocrx_word' id='word_1_141' title='bbox 443 2058 488 2111; x_wconf 89' lang='lat' dir='ltr'>list</span> <span class='ocrx_word' id='word_1_142' title='bbox 506 2076 542 2111; x_wconf 86' lang='lat' dir='ltr'>na</span> <span class='ocrx_word' id='word_1_143' title='bbox 559 2077 580 2111; x_wconf 90' lang='lat' dir='ltr'>r.</span> <span class='ocrx_word' id='word_1_144' title='bbox 601 2058 675 2121; x_wconf 78' lang='lat'>1502,</span> <span class='ocrx_word' id='word_1_145' title='bbox 694 2077 711 2111; x_wconf 92' lang='lat' dir='ltr'>a</span> <span class='ocrx_word' id='word_1_146' title='bbox 729 2061 797 2126; x_wconf 73' lang='lat' dir='ltr'>psltn</span> <span class='ocrx_word' id='word_1_147' title='bbox 817 2059 862 2127; x_wconf 93' lang='lat' dir='ltr'>byl</span> <span class='ocrx_word' id='word_1_148' title='bbox 882 2078 898 2111; x_wconf 92' lang='lat' dir='ltr'>v</span> <span class='ocrx_word' id='word_1_149' title='bbox 912 2060 1028 2112; x_wconf 70' lang='lat' dir='ltr'>Budine.</span> <span class='ocrx_word' id='word_1_150' title='bbox 1048 2060 1133 2112; x_wconf 89' lang='lat' dir='ltr'>Mluvi</span> <span class='ocrx_word' id='word_1_151' title='bbox 1152 2077 1182 2113; x_wconf 88' lang='lat' dir='ltr'>se</span> <span class='ocrx_word' id='word_1_152' title='bbox 1201 2078 1218 2112; x_wconf 90' lang='lat' dir='ltr'>v</span> <span class='ocrx_word' id='word_1_153' title='bbox 1237 2064 1300 2112; x_wconf 78' lang='grc'><strong>0010</strong></span> <span class='ocrx_word' id='word_1_154' title='bbox 1320 2078 1337 2112; x_wconf 95' lang='grc'>0</span> <span class='ocrx_word' id='word_1_155' title='bbox 1350 2060 1524 2113; x_wconf 79' lang='grc' dir='ltr'><strong>00110011οἐ10</strong></span> <span class='ocrx_word' id='word_1_156' title='bbox 1544 2060 1655 2113; x_wconf 74' lang='grc'><strong>1010001</strong></span> 
     </span>
     <span class='ocr_line' id='line_1_16' title="bbox 151 2144 1654 2215; baseline 0.001 -18"><span class='ocrx_word' id='word_1_157' title='bbox 151 2149 153 2154; x_wconf 70' lang='grc'><strong>“</strong></span> <span class='ocrx_word' id='word_1_158' title='bbox 202 2144 365 2210; x_wconf 84' lang='lat' dir='ltr'>(extremum</span> <span class='ocrx_word' id='word_1_159' title='bbox 389 2145 594 2208; x_wconf 87' lang='lat' dir='ltr'>exterminium)</span> <span class='ocrx_word' id='word_1_160' title='bbox 618 2145 700 2213; x_wconf 90' lang='lat' dir='ltr'>Epira</span> <span class='ocrx_word' id='word_1_161' title='bbox 725 2163 741 2198; x_wconf 91' lang='lat' dir='ltr'>a</span> <span class='ocrx_word' id='word_1_162' title='bbox 765 2146 965 2214; x_wconf 86' lang='lat' dir='ltr'>Peloponnesa,</span> <span class='ocrx_word' id='word_1_163' title='bbox 988 2146 1032 2214; x_wconf 81' lang='lat' dir='ltr'>jet</span> <span class='ocrx_word' id='word_1_164' title='bbox 1056 2147 1137 2199; x_wconf 77' lang='lat' dir='ltr'>udalo</span> <span class='ocrx_word' id='word_1_165' title='bbox 1162 2164 1192 2200; x_wconf 89' lang='lat' dir='ltr'>se</span> <span class='ocrx_word' id='word_1_166' title='bbox 1215 2165 1235 2200; x_wconf 92' lang='lat' dir='ltr'>r.</span> <span class='ocrx_word' id='word_1_167' title='bbox 1260 2146 1329 2198; x_wconf 87' lang='grc'><strong>1500</strong></span> <span class='ocrx_word' id='word_1_168' title='bbox 1351 2147 1474 2215; x_wconf 89' lang='lat' dir='ltr'>dobytim</span> <span class='ocrx_word' id='word_1_169' title='bbox 1504 2145 1654 2213; x_wconf 73' lang='grc'><strong>0010011100</strong></span> 
     </span>
     <span class='ocr_line' id='line_1_17' title="bbox 202 2233 1654 2301; baseline 0.001 -17"><span class='ocrx_word' id='word_1_170' title='bbox 202 2233 331 2299; x_wconf 83' lang='lat' dir='ltr'>pevnosti</span> <span class='ocrx_word' id='word_1_171' title='bbox 350 2233 536 2301; x_wconf 62' lang='lat' dir='ltr'>Benatslry‘ch.</span> <span class='ocrx_word' id='word_1_172' title='bbox 555 2233 636 2285; x_wconf 86' lang='lat' dir='ltr'>Pravi</span> <span class='ocrx_word' id='word_1_173' title='bbox 655 2250 685 2285; x_wconf 89' lang='lat' dir='ltr'>se</span> <span class='ocrx_word' id='word_1_174' title='bbox 704 2233 774 2296; x_wconf 75' lang='lat' dir='ltr'>dale,</span> <span class='ocrx_word' id='word_1_175' title='bbox 787 2234 818 2285; x_wconf 81' lang='grc'>10</span> <span class='ocrx_word' id='word_1_176' title='bbox 828 2233 875 2300; x_wconf 89' lang='lat' dir='ltr'>jen</span> <span class='ocrx_word' id='word_1_177' title='bbox 896 2233 964 2286; x_wconf 82' lang='lat' dir='ltr'>Uhii</span> <span class='ocrx_word' id='word_1_178' title='bbox 978 2251 994 2286; x_wconf 91' lang='lat' dir='ltr'>a</span> <span class='ocrx_word' id='word_1_179' title='bbox 1007 2234 1167 2286; x_wconf 70' lang='lat' dir='ltr'>Bentitcand</span> <span class='ocrx_word' id='word_1_180' title='bbox 1186 2235 1275 2286; x_wconf 90' lang='lat' dir='ltr'>vedou</span> <span class='ocrx_word' id='word_1_181' title='bbox 1294 2234 1321 2286; x_wconf 75' lang='grc'>10</span> <span class='ocrx_word' id='word_1_182' title='bbox 1340 2233 1412 2301; x_wconf 88' lang='lat' dir='ltr'>doby</span> <span class='ocrx_word' id='word_1_183' title='bbox 1431 2234 1513 2286; x_wconf 74' lang='lat' dir='ltr'>vallru</span> <span class='ocrx_word' id='word_1_184' title='bbox 1526 2251 1540 2285; x_wconf 94' lang='lat' dir='ltr'>s</span> <span class='ocrx_word' id='word_1_185' title='bbox 1552 2233 1654 2301; x_wconf 86' lang='lat' dir='ltr'>Turlry,</span> 
     </span>
     <span class='ocr_line' id='line_1_18' title="bbox 204 2318 1654 2389; baseline 0.001 -19"><span class='ocrx_word' id='word_1_186' title='bbox 204 2318 327 2371; x_wconf 73' lang='grc'><strong>10010110</strong></span> <span class='ocrx_word' id='word_1_187' title='bbox 346 2320 465 2372; x_wconf 75' lang='lat' dir='ltr'>naralka</span> <span class='ocrx_word' id='word_1_188' title='bbox 489 2320 603 2388; x_wconf 85' lang='lat' dir='ltr'>ukazuje</span> <span class='ocrx_word' id='word_1_189' title='bbox 624 2320 639 2371; x_wconf 81' lang='lat' dir='ltr'>lr</span> <span class='ocrx_word' id='word_1_190' title='bbox 658 2337 678 2372; x_wconf 91' lang='lat' dir='ltr'>r.</span> <span class='ocrx_word' id='word_1_191' title='bbox 701 2319 774 2381; x_wconf 78' lang='grc'><strong>1002,</strong></span> <span class='ocrx_word' id='word_1_192' title='bbox 794 2338 828 2373; x_wconf 88' lang='lat' dir='ltr'>na</span> <span class='ocrx_word' id='word_1_193' title='bbox 844 2319 926 2387; x_wconf 77' lang='lat' dir='ltr'>jehoi</span> <span class='ocrx_word' id='word_1_194' title='bbox 946 2320 1027 2372; x_wconf 85' lang='lat' dir='ltr'>konci</span> <span class='ocrx_word' id='word_1_195' title='bbox 1052 2321 1206 2389; x_wconf 66' lang='grc'><strong>(100100.)</strong></span> <span class='ocrx_word' id='word_1_196' title='bbox 1229 2321 1388 2373; x_wconf 70' lang='lat' dir='ltr'>Bendtdank</span> <span class='ocrx_word' id='word_1_197' title='bbox 1414 2320 1509 2373; x_wconf 77' lang='grc'><strong>0010111</strong></span> <span class='ocrx_word' id='word_1_198' title='bbox 1528 2338 1542 2372; x_wconf 87' lang='lat' dir='ltr'>s</span> <span class='ocrx_word' id='word_1_199' title='bbox 1559 2320 1654 2388; x_wconf 81' lang='lat' dir='ltr'>Turky</span> 
     </span>
    </p>
   </div>
   <div class='ocr_carea' id='block_1_4' title="bbox 206 2405 1743 2476">
    <p class='ocr_par' dir='ltr' id='par_1_4' title="bbox 206 2405 1743 2476">
     <span class='ocr_line' id='line_1_19' title="bbox 206 2405 1743 2476; baseline 0.003 -20"><span class='ocrx_word' id='word_1_200' title='bbox 206 2406 265 2468; x_wconf 89' lang='lat' dir='ltr'>mir,</span> <span class='ocrx_word' id='word_1_201' title='bbox 283 2424 319 2473; x_wconf 94' lang='lat' dir='ltr'>po</span> <span class='ocrx_word' id='word_1_202' title='bbox 338 2407 418 2458; x_wconf 72' lang='lat' dir='ltr'>nemi</span> <span class='ocrx_word' id='word_1_203' title='bbox 443 2407 602 2459; x_wconf 77' lang='lat' dir='ltr'>nasledoval</span> <span class='ocrx_word' id='word_1_204' title='bbox 626 2405 769 2474; x_wconf 73' lang='grc'><strong>0001000</strong></span> <span class='ocrx_word' id='word_1_205' title='bbox 798 2406 863 2458; x_wconf 82' lang='grc'><strong>1503</strong></span> <span class='ocrx_word' id='word_1_206' title='bbox 881 2409 934 2460; x_wconf 91' lang='lat' dir='ltr'>mir</span> <span class='ocrx_word' id='word_1_207' title='bbox 951 2407 1206 2476; x_wconf 61' lang='lat' dir='ltr'>turceio-uberali.</span> <span class='ocrx_word' id='word_1_208' title='bbox 1226 2409 1249 2460; x_wconf 91' lang='lat'>0</span> <span class='ocrx_word' id='word_1_209' title='bbox 1269 2406 1416 2461; x_wconf 82' lang='lat' dir='ltr'>lmhoffovi</span> <span class='ocrx_word' id='word_1_210' title='bbox 1435 2407 1479 2460; x_wconf 86' lang='lat' dir='ltr'>viz</span> <span class='ocrx_word' id='word_1_211' title='bbox 1498 2406 1654 2476; x_wconf 76' lang='lat' dir='ltr'>poznamku</span> <span class='ocrx_word' id='word_1_212' title='bbox 1738 2457 1743 2461; x_wconf 84' lang='lat'>.</span> 
     </span>
    </p>
   </div>
   <div class='ocr_carea' id='block_1_5' title="bbox 206 2491 365 2545">
    <p class='ocr_par' dir='ltr' id='par_1_5' title="bbox 206 2491 365 2545">
     <span class='ocr_line' id='line_1_20' title="bbox 206 2491 365 2545; baseline 0.013 -2"><span class='ocrx_word' id='word_1_213' title='bbox 206 2491 304 2545; x_wconf 81' lang='lat' dir='ltr'>lrlistu</span> <span class='ocrx_word' id='word_1_214' title='bbox 323 2492 365 2545; x_wconf 76' lang='grc'>90.</span> 
     </span>
    </p>
   </div>
   <div class='ocr_carea' id='block_1_6' title="bbox 408 2779 1455 3009">
    <p class='ocr_par' dir='ltr' id='par_1_6' title="bbox 408 2779 1455 3009">
     <span class='ocr_line' id='line_1_21' title="bbox 901 2779 969 2840; baseline -0.015 -2"><span class='ocrx_word' id='word_1_215' title='bbox 901 2779 969 2840; x_wconf 88' lang='grc'><strong>100.</strong></span> 
     </span>
     <span class='ocr_line' id='line_1_22' title="bbox 408 2914 1455 3009; baseline -0.002 -22"><span class='ocrx_word' id='word_1_216' title='bbox 408 2915 627 2988; x_wconf 88' lang='lat' dir='ltr'>Bohuslav</span> <span class='ocrx_word' id='word_1_217' title='bbox 650 2916 759 3008; x_wconf 91' lang='lat' dir='ltr'>Janu</span> <span class='ocrx_word' id='word_1_218' title='bbox 789 2914 980 2987; x_wconf 86' lang='lat' dir='ltr'>Wollovi</span> <span class='ocrx_word' id='word_1_219' title='bbox 1008 2939 1031 2986; x_wconf 90' lang='lat' dir='ltr'>z</span> <span class='ocrx_word' id='word_1_220' title='bbox 1061 2915 1455 3009; x_wconf 83' lang='lat' dir='ltr'>Hermannsgriinu.</span> 
     </span>
    </p>
   </div>
   <div class='ocr_carea' id='block_1_7' title="bbox 204 3084 1661 3327">
    <p class='ocr_par' dir='ltr' id='par_1_7' title="bbox 204 3084 1661 3327">
     <span class='ocr_line' id='line_1_23' title="bbox 293 3084 1661 3153; baseline -0.001 -15"><span class='ocrx_word' id='word_1_221' title='bbox 293 3084 417 3151; x_wconf 83' lang='grc'><strong>(1502-</strong></span> <span class='ocrx_word' id='word_1_222' title='bbox 432 3101 467 3141; x_wconf 81' lang='lat' dir='ltr'>na</span> <span class='ocrx_word' id='word_1_223' title='bbox 485 3086 577 3153; x_wconf 72' lang='lat' dir='ltr'>timu.)</span> <span class='ocrx_word' id='word_1_224' title='bbox 596 3085 686 3153; x_wconf 88' lang='lat' dir='ltr'>Lituje</span> <span class='ocrx_word' id='word_1_225' title='bbox 706 3087 880 3139; x_wconf 83' lang='lat' dir='ltr'>nesvornosti</span> <span class='ocrx_word' id='word_1_226' title='bbox 901 3087 1030 3138; x_wconf 79' lang='lat' dir='ltr'>kiesianb</span> <span class='ocrx_word' id='word_1_227' title='bbox 1050 3086 1113 3138; x_wconf 77' lang='grc'><strong>1001</strong></span> <span class='ocrx_word' id='word_1_228' title='bbox 1140 3085 1289 3153; x_wconf 79' lang='lat' dir='ltr'>nebezpelli</span> <span class='ocrx_word' id='word_1_229' title='bbox 1314 3085 1476 3137; x_wconf 73' lang='lat' dir='ltr'>tureclremu</span> <span class='ocrx_word' id='word_1_230' title='bbox 1494 3102 1511 3136; x_wconf 92' lang='lat' dir='ltr'>a</span> <span class='ocrx_word' id='word_1_231' title='bbox 1530 3084 1661 3151; x_wconf 82' lang='lat' dir='ltr'>odsuzuje</span> 
     </span>
     <span class='ocr_line' id='line_1_24' title="bbox 207 3172 1660 3242; baseline -0.002 -16"><span class='ocrx_word' id='word_1_232' title='bbox 207 3174 334 3239; x_wconf 84' lang='lat' dir='ltr'>puvodce</span> <span class='ocrx_word' id='word_1_233' title='bbox 350 3172 436 3241; x_wconf 87' lang='lat' dir='ltr'>jejiho</span> <span class='ocrx_word' id='word_1_234' title='bbox 455 3173 567 3241; x_wconf 76' lang='lat' dir='ltr'>papele,</span> <span class='ocrx_word' id='word_1_235' title='bbox 587 3173 594 3225; x_wconf 96' lang='lat' dir='ltr'>i</span> <span class='ocrx_word' id='word_1_236' title='bbox 614 3174 696 3226; x_wconf 69' lang='lat' dir='ltr'>nemi</span> <span class='ocrx_word' id='word_1_237' title='bbox 715 3174 820 3242; x_wconf 70' lang='lat' dir='ltr'>dlivery</span> <span class='ocrx_word' id='word_1_238' title='bbox 839 3173 856 3225; x_wconf 87' lang='lat' dir='ltr'>k</span> <span class='ocrx_word' id='word_1_239' title='bbox 874 3172 973 3225; x_wconf 84' lang='lat' dir='ltr'>slibilrn</span> <span class='ocrx_word' id='word_1_240' title='bbox 994 3172 1214 3225; x_wconf 70' lang='lat' dir='ltr'>irancouzslreho</span> <span class='ocrx_word' id='word_1_241' title='bbox 1233 3173 1316 3235; x_wconf 69' lang='grc'><strong>111010,</strong></span> <span class='ocrx_word' id='word_1_242' title='bbox 1336 3172 1410 3239; x_wconf 71' lang='lat' dir='ltr'>spise</span> <span class='ocrx_word' id='word_1_243' title='bbox 1429 3172 1660 3224; x_wconf 74' lang='lat' dir='ltr'>erenlttdanilm.</span> 
     </span>
     <span class='ocr_line' id='line_1_25' title="bbox 204 3260 360 3327; baseline -0.013 -12"><span class='ocrx_word' id='word_1_244' title='bbox 204 3261 287 3326; x_wconf 90' lang='lat' dir='ltr'>(Luc.</span> <span class='ocrx_word' id='word_1_245' title='bbox 306 3260 360 3327; x_wconf 83' lang='grc'>86.)</span> 
     </span>
    </p>
   </div>
   <div class='ocr_carea' id='block_1_8' title="bbox 184 3434 1670 5389">
    <p class='ocr_par' dir='ltr' id='par_1_8' title="bbox 184 3434 1670 5389">
     <span class='ocr_line' id='line_1_26' title="bbox 293 3434 1662 3518; baseline -0.003 -20"><span class='ocrx_word' id='word_1_246' title='bbox 293 3436 408 3518; x_wconf 79' lang='lat' dir='ltr'>loanni</span> <span class='ocrx_word' id='word_1_247' title='bbox 434 3437 474 3497; x_wconf 90' lang='lat' dir='ltr'>H.</span> <span class='ocrx_word' id='word_1_248' title='bbox 500 3457 543 3497; x_wconf 84' lang='lat' dir='ltr'>ex</span> <span class='ocrx_word' id='word_1_249' title='bbox 566 3437 668 3514; x_wconf 89' lang='lat' dir='ltr'>Lupis</span> <span class='ocrx_word' id='word_1_250' title='bbox 690 3458 712 3497; x_wconf 89' lang='lat' dir='ltr'>s.</span> <span class='ocrx_word' id='word_1_251' title='bbox 737 3459 766 3516; x_wconf 93' lang='lat' dir='ltr'>p.</span> <span class='ocrx_word' id='word_1_252' title='bbox 790 3437 820 3498; x_wconf 92' lang='grc'>0.</span> <span class='ocrx_word' id='word_1_253' title='bbox 858 3437 925 3498; x_wconf 85' lang='lat' dir='ltr'>Etsi</span> <span class='ocrx_word' id='word_1_254' title='bbox 949 3436 1057 3497; x_wconf 89' lang='lat' dir='ltr'>literae</span> <span class='ocrx_word' id='word_1_255' title='bbox 1080 3448 1154 3498; x_wconf 89' lang='lat' dir='ltr'>tuae</span> <span class='ocrx_word' id='word_1_256' title='bbox 1177 3434 1359 3497; x_wconf 87' lang='lat' dir='ltr'>huiusmodi</span> <span class='ocrx_word' id='word_1_257' title='bbox 1382 3434 1517 3509; x_wconf 82' lang='lat' dir='ltr'>luerunt,</span> <span class='ocrx_word' id='word_1_258' title='bbox 1541 3445 1662 3496; x_wconf 92' lang='lat' dir='ltr'>utnon</span> 
     </span>
     <span class='ocr_line' id='line_1_27' title="bbox 194 3537 1663 3619; baseline -0.005 -14"><span class='ocrx_word' id='word_1_259' title='bbox 194 3544 369 3619; x_wconf 88' lang='lat' dir='ltr'>potuerim</span> <span class='ocrx_word' id='word_1_260' title='bbox 391 3542 439 3603; x_wconf 92' lang='lat' dir='ltr'>his</span> <span class='ocrx_word' id='word_1_261' title='bbox 462 3561 529 3603; x_wconf 93' lang='grc'>000</span> <span class='ocrx_word' id='word_1_262' title='bbox 551 3540 708 3616; x_wconf 85' lang='lat' dir='ltr'>delectari,</span> <span class='ocrx_word' id='word_1_263' title='bbox 733 3540 764 3603; x_wconf 94' lang='lat' dir='ltr'>id</span> <span class='ocrx_word' id='word_1_264' title='bbox 788 3554 895 3603; x_wconf 89' lang='lat' dir='ltr'>tamen</span> <span class='ocrx_word' id='word_1_265' title='bbox 919 3542 1160 3603; x_wconf 88' lang='lat' dir='ltr'>acerbissimum</span> <span class='ocrx_word' id='word_1_266' title='bbox 1191 3540 1255 3613; x_wconf 86' lang='lat' dir='ltr'>suit,</span> <span class='ocrx_word' id='word_1_267' title='bbox 1279 3538 1369 3619; x_wconf 93' lang='lat' dir='ltr'>quod</span> <span class='ocrx_word' id='word_1_268' title='bbox 1392 3537 1531 3600; x_wconf 89' lang='lat' dir='ltr'>intellexi</span> <span class='ocrx_word' id='word_1_269' title='bbox 1553 3557 1596 3599; x_wconf 92' lang='lat' dir='ltr'>ex</span> <span class='ocrx_word' id='word_1_270' title='bbox 1618 3540 1663 3599; x_wconf 87' lang='lat' dir='ltr'>eis</span> 
     </span>
     <span class='ocr_line' id='line_1_28' title="bbox 190 3641 1662 3727; baseline -0.002 -24"><span class='ocrx_word' id='word_1_271' title='bbox 190 3645 246 3708; x_wconf 89' lang='lat' dir='ltr'>ita</span> <span class='ocrx_word' id='word_1_272' title='bbox 274 3646 337 3706; x_wconf 92' lang='lat' dir='ltr'>hoc</span> <span class='ocrx_word' id='word_1_273' title='bbox 360 3658 506 3726; x_wconf 89' lang='lat' dir='ltr'>tempore</span> <span class='ocrx_word' id='word_1_274' title='bbox 528 3648 637 3708; x_wconf 90' lang='lat' dir='ltr'>omnia</span> <span class='ocrx_word' id='word_1_275' title='bbox 659 3643 746 3724; x_wconf 93' lang='lat' dir='ltr'>apud</span> <span class='ocrx_word' id='word_1_276' title='bbox 772 3646 960 3706; x_wconf 92' lang='lat' dir='ltr'>christianos</span> <span class='ocrx_word' id='word_1_277' title='bbox 983 3647 1042 3727; x_wconf 85' lang='lat' dir='ltr'>agi,</span> <span class='ocrx_word' id='word_1_278' title='bbox 1065 3653 1102 3705; x_wconf 92' lang='lat' dir='ltr'>ut</span> <span class='ocrx_word' id='word_1_279' title='bbox 1124 3646 1178 3705; x_wconf 92' lang='lat' dir='ltr'>vix</span> <span class='ocrx_word' id='word_1_280' title='bbox 1201 3646 1373 3724; x_wconf 91' lang='lat' dir='ltr'>quicquam</span> <span class='ocrx_word' id='word_1_281' title='bbox 1403 3661 1531 3722; x_wconf 88' lang='lat' dir='ltr'>sperare</span> <span class='ocrx_word' id='word_1_282' title='bbox 1561 3641 1662 3703; x_wconf 89' lang='lat' dir='ltr'>liceat.</span> 
     </span>
     <span class='ocr_line' id='line_1_29' title="bbox 189 3745 1664 3831; baseline -0.004 -19"><span class='ocrx_word' id='word_1_283' title='bbox 189 3751 384 3812; x_wconf 88' lang='lat' dir='ltr'>Amisimus</span> <span class='ocrx_word' id='word_1_284' title='bbox 400 3753 563 3829; x_wconf 88' lang='lat' dir='ltr'>superiore</span> <span class='ocrx_word' id='word_1_285' title='bbox 586 3770 680 3824; x_wconf 87' lang='lat' dir='ltr'>anno,</span> <span class='ocrx_word' id='word_1_286' title='bbox 700 3748 852 3831; x_wconf 92' lang='lat' dir='ltr'>quicquid</span> <span class='ocrx_word' id='word_1_287' title='bbox 875 3750 1035 3831; x_wconf 82' lang='lat' dir='ltr'>religionis</span> <span class='ocrx_word' id='word_1_288' title='bbox 1059 3759 1189 3810; x_wconf 87' lang='lat' dir='ltr'>nostrae</span> <span class='ocrx_word' id='word_1_289' title='bbox 1205 3750 1235 3808; x_wconf 90' lang='lat' dir='ltr'>in</span> <span class='ocrx_word' id='word_1_290' title='bbox 1253 3747 1476 3826; x_wconf 84' lang='lat' dir='ltr'>Peloponneso</span> <span class='ocrx_word' id='word_1_291' title='bbox 1499 3745 1664 3826; x_wconf 88' lang='lat' dir='ltr'>Epiroque</span> 
     </span>
     <span class='ocr_line' id='line_1_30' title="bbox 188 3852 1664 3934; baseline -0.001 -21"><span class='ocrx_word' id='word_1_292' title='bbox 188 3853 272 3928; x_wconf 86' lang='lat' dir='ltr'>fuit,</span> <span class='ocrx_word' id='word_1_293' title='bbox 289 3873 391 3934; x_wconf 89' lang='lat' dir='ltr'>nuper</span> <span class='ocrx_word' id='word_1_294' title='bbox 407 3853 628 3934; x_wconf 85' lang='lat' dir='ltr'>Dyrrachium,</span> <span class='ocrx_word' id='word_1_295' title='bbox 648 3853 821 3916; x_wconf 91' lang='lat' dir='ltr'>clarissima</span> <span class='ocrx_word' id='word_1_296' title='bbox 844 3852 1010 3933; x_wconf 90' lang='lat' dir='ltr'>quondam</span> <span class='ocrx_word' id='word_1_297' title='bbox 1034 3854 1118 3928; x_wconf 92' lang='lat' dir='ltr'>urbs,</span> <span class='ocrx_word' id='word_1_298' title='bbox 1135 3873 1154 3913; x_wconf 92' lang='lat' dir='ltr'>a</span> <span class='ocrx_word' id='word_1_299' title='bbox 1170 3853 1314 3913; x_wconf 87' lang='lat' dir='ltr'>barbaris</span> <span class='ocrx_word' id='word_1_300' title='bbox 1337 3861 1494 3930; x_wconf 89' lang='lat' dir='ltr'>occupata</span> <span class='ocrx_word' id='word_1_301' title='bbox 1518 3861 1579 3910; x_wconf 87' lang='lat' dir='ltr'>est:</span> <span class='ocrx_word' id='word_1_302' title='bbox 1604 3868 1664 3911; x_wconf 91' lang='lat' dir='ltr'>nos</span> 
     </span>
     <span class='ocr_line' id='line_1_31' title="bbox 187 3956 1664 4039; baseline -0.004 -19"><span class='ocrx_word' id='word_1_303' title='bbox 187 3967 318 4022; x_wconf 84' lang='lat' dir='ltr'>tamen</span> <span class='ocrx_word' id='word_1_304' title='bbox 342 3958 447 4020; x_wconf 88' lang='lat' dir='ltr'>adhuc</span> <span class='ocrx_word' id='word_1_305' title='bbox 474 3959 650 4020; x_wconf 90' lang='lat' dir='ltr'>domestica</span> <span class='ocrx_word' id='word_1_306' title='bbox 681 3956 764 4020; x_wconf 92' lang='lat' dir='ltr'>bella</span> <span class='ocrx_word' id='word_1_307' title='bbox 785 3959 935 4039; x_wconf 86' lang='lat' dir='ltr'>gerimus,</span> <span class='ocrx_word' id='word_1_308' title='bbox 960 3968 991 4018; x_wconf 90' lang='lat' dir='ltr'>et</span> <span class='ocrx_word' id='word_1_309' title='bbox 1014 3976 1114 4036; x_wconf 91' lang='lat' dir='ltr'>quum</span> <span class='ocrx_word' id='word_1_310' title='bbox 1138 3976 1201 4017; x_wconf 91' lang='lat' dir='ltr'>non</span> <span class='ocrx_word' id='word_1_311' title='bbox 1233 3957 1338 4017; x_wconf 91' lang='lat' dir='ltr'>solum</span> <span class='ocrx_word' id='word_1_312' title='bbox 1369 3956 1505 4017; x_wconf 83' lang='lat' dir='ltr'>libertati</span> <span class='ocrx_word' id='word_1_313' title='bbox 1535 3966 1664 4015; x_wconf 87' lang='lat' dir='ltr'>nostrae</span> 
     </span>
     <span class='ocr_line' id='line_1_32' title="bbox 185 4059 1665 4144; baseline -0.003 -19"><span class='ocrx_word' id='word_1_314' title='bbox 185 4063 262 4127; x_wconf 83' lang='lat' dir='ltr'>sed</span> <span class='ocrx_word' id='word_1_315' title='bbox 289 4064 387 4124; x_wconf 89' lang='lat' dir='ltr'>etiam</span> <span class='ocrx_word' id='word_1_316' title='bbox 410 4065 492 4124; x_wconf 90' lang='lat' dir='ltr'>vitae</span> <span class='ocrx_word' id='word_1_317' title='bbox 515 4064 626 4144; x_wconf 88' lang='lat' dir='ltr'>ingens</span> <span class='ocrx_word' id='word_1_318' title='bbox 649 4062 822 4142; x_wconf 91' lang='lat' dir='ltr'>periculum</span> <span class='ocrx_word' id='word_1_319' title='bbox 846 4061 1017 4134; x_wconf 88' lang='lat' dir='ltr'>immineat,</span> <span class='ocrx_word' id='word_1_320' title='bbox 1041 4063 1174 4122; x_wconf 90' lang='lat' dir='ltr'>invicem</span> <span class='ocrx_word' id='word_1_321' title='bbox 1202 4059 1366 4142; x_wconf 91' lang='lat' dir='ltr'>digladiari</span> <span class='ocrx_word' id='word_1_322' title='bbox 1390 4078 1488 4139; x_wconf 91' lang='lat' dir='ltr'>quam</span> <span class='ocrx_word' id='word_1_323' title='bbox 1512 4059 1665 4137; x_wconf 90' lang='lat' dir='ltr'>potentis-</span> 
     </span>
     <span class='ocr_line' id='line_1_33' title="bbox 185 4161 1665 4243; baseline -0.005 -13"><span class='ocrx_word' id='word_1_324' title='bbox 185 4172 291 4230; x_wconf 84' lang='lat' dir='ltr'>simo</span> <span class='ocrx_word' id='word_1_325' title='bbox 317 4166 399 4228; x_wconf 88' lang='lat' dir='ltr'>hosti</span> <span class='ocrx_word' id='word_1_326' title='bbox 424 4168 568 4226; x_wconf 89' lang='lat' dir='ltr'>resistere</span> <span class='ocrx_word' id='word_1_327' title='bbox 591 4165 760 4227; x_wconf 79' lang='lat' dir='ltr'>malumus,</span> <span class='ocrx_word' id='word_1_328' title='bbox 785 4165 851 4226; x_wconf 90' lang='lat' dir='ltr'>lam</span> <span class='ocrx_word' id='word_1_329' title='bbox 874 4166 969 4226; x_wconf 91' lang='lat' dir='ltr'>etiam</span> <span class='ocrx_word' id='word_1_330' title='bbox 995 4166 1201 4237; x_wconf 90' lang='lat' dir='ltr'>inveniuntur,</span> <span class='ocrx_word' id='word_1_331' title='bbox 1218 4165 1271 4243; x_wconf 93' lang='lat' dir='ltr'>qui</span> <span class='ocrx_word' id='word_1_332' title='bbox 1288 4163 1329 4224; x_wconf 91' lang='lat' dir='ltr'>ad</span> <span class='ocrx_word' id='word_1_333' title='bbox 1345 4162 1523 4224; x_wconf 79' lang='lat' dir='ltr'>Tuscorum</span> <span class='ocrx_word' id='word_1_334' title='bbox 1548 4161 1665 4223; x_wconf 92' lang='lat' dir='ltr'>auxilia</span> 
     </span>
     <span class='ocr_line' id='line_1_34' title="bbox 184 4265 1665 4351; baseline -0.006 -16"><span class='ocrx_word' id='word_1_335' title='bbox 184 4271 407 4351; x_wconf 83' lang='lat' dir='ltr'>coniugiunt,</span> <span class='ocrx_word' id='word_1_336' title='bbox 430 4271 523 4348; x_wconf 91' lang='lat' dir='ltr'>quasi</span> <span class='ocrx_word' id='word_1_337' title='bbox 545 4270 733 4331; x_wconf 87' lang='lat' dir='ltr'>iamdudum</span> <span class='ocrx_word' id='word_1_338' title='bbox 764 4268 851 4330; x_wconf 84' lang='lat' dir='ltr'>furor</span> <span class='ocrx_word' id='word_1_339' title='bbox 873 4270 981 4330; x_wconf 90' lang='lat' dir='ltr'>similis</span> <span class='ocrx_word' id='word_1_340' title='bbox 1009 4287 1074 4330; x_wconf 91' lang='lat' dir='ltr'>non</span> <span class='ocrx_word' id='word_1_341' title='bbox 1097 4267 1265 4329; x_wconf 88' lang='lat' dir='ltr'>Graeciam</span> <span class='ocrx_word' id='word_1_342' title='bbox 1296 4267 1531 4346; x_wconf 86' lang='lat' dir='ltr'>Thraciamque</span> <span class='ocrx_word' id='word_1_343' title='bbox 1561 4265 1665 4344; x_wconf 89' lang='lat' dir='ltr'>perdi·</span> 
     </span>
     <span class='ocr_line' id='line_1_35' title="bbox 187 4371 1666 4454; baseline -0.005 -16"><span class='ocrx_word' id='word_1_344' title='bbox 187 4377 296 4438; x_wconf 84' lang='lat' dir='ltr'>derit.</span> <span class='ocrx_word' id='word_1_345' title='bbox 321 4371 416 4452; x_wconf 81' lang='lat' dir='ltr'>Quid.</span> <span class='ocrx_word' id='word_1_346' title='bbox 441 4372 529 4452; x_wconf 88' lang='lat' dir='ltr'>quod</span> <span class='ocrx_word' id='word_1_347' title='bbox 553 4373 601 4444; x_wconf 93' lang='lat' dir='ltr'>illi,</span> <span class='ocrx_word' id='word_1_348' title='bbox 633 4393 716 4454; x_wconf 93' lang='lat' dir='ltr'>quos</span> <span class='ocrx_word' id='word_1_349' title='bbox 747 4373 921 4435; x_wconf 87' lang='lat' dir='ltr'>seditiones</span> <span class='ocrx_word' id='word_1_350' title='bbox 952 4372 1191 4451; x_wconf 91' lang='lat' dir='ltr'>discordiasque</span> <span class='ocrx_word' id='word_1_351' title='bbox 1219 4372 1404 4434; x_wconf 91' lang='lat' dir='ltr'>christianas</span> <span class='ocrx_word' id='word_1_352' title='bbox 1434 4373 1539 4450; x_wconf 90' lang='lat' dir='ltr'>sopire</span> <span class='ocrx_word' id='word_1_353' title='bbox 1569 4382 1666 4451; x_wconf 91' lang='lat' dir='ltr'>atque</span> 
     </span>
     <span class='ocr_line' id='line_1_36' title="bbox 187 4474 1665 4560; baseline -0.006 -17"><span class='ocrx_word' id='word_1_354' title='bbox 187 4482 399 4560; x_wconf 80' lang='lat' dir='ltr'>extinguere</span> <span class='ocrx_word' id='word_1_355' title='bbox 421 4478 600 4556; x_wconf 88' lang='lat' dir='ltr'>oportebat,</span> <span class='ocrx_word' id='word_1_356' title='bbox 617 4488 740 4538; x_wconf 90' lang='lat' dir='ltr'>satores</span> <span class='ocrx_word' id='word_1_357' title='bbox 756 4477 915 4539; x_wconf 88' lang='lat' dir='ltr'>bellorum</span> <span class='ocrx_word' id='word_1_358' title='bbox 931 4485 1016 4551; x_wconf 89' lang='lat' dir='ltr'>sunt,</span> <span class='ocrx_word' id='word_1_359' title='bbox 1032 4496 1136 4556; x_wconf 91' lang='lat' dir='ltr'>neque</span> <span class='ocrx_word' id='word_1_360' title='bbox 1152 4488 1272 4550; x_wconf 88' lang='lat' dir='ltr'>curant,</span> <span class='ocrx_word' id='word_1_361' title='bbox 1288 4474 1440 4556; x_wconf 91' lang='lat' dir='ltr'>quicquid</span> <span class='ocrx_word' id='word_1_362' title='bbox 1457 4476 1498 4536; x_wconf 92' lang='lat' dir='ltr'>de</span> <span class='ocrx_word' id='word_1_363' title='bbox 1514 4474 1665 4556; x_wconf 88' lang='lat' dir='ltr'>religione</span> 
     </span>
     <span class='ocr_line' id='line_1_37' title="bbox 192 4579 1667 4660; baseline -0.006 -13"><span class='ocrx_word' id='word_1_364' title='bbox 192 4585 270 4656; x_wconf 84' lang='lat' dir='ltr'>fiat,</span> <span class='ocrx_word' id='word_1_365' title='bbox 295 4580 477 4642; x_wconf 90' lang='lat' dir='ltr'>dummodo</span> <span class='ocrx_word' id='word_1_366' title='bbox 501 4582 558 4660; x_wconf 91' lang='lat' dir='ltr'>ipsi</span> <span class='ocrx_word' id='word_1_367' title='bbox 582 4600 616 4641; x_wconf 90' lang='lat' dir='ltr'>se</span> <span class='ocrx_word' id='word_1_368' title='bbox 640 4583 792 4643; x_wconf 90' lang='lat' dir='ltr'>omnibus</span> <span class='ocrx_word' id='word_1_369' title='bbox 821 4581 1037 4643; x_wconf 87' lang='lat' dir='ltr'>formidabiles</span> <span class='ocrx_word' id='word_1_370' title='bbox 1064 4581 1239 4659; x_wconf 88' lang='lat' dir='ltr'>praebeant</span> <span class='ocrx_word' id='word_1_371' title='bbox 1263 4591 1294 4642; x_wconf 92' lang='lat' dir='ltr'>et</span> <span class='ocrx_word' id='word_1_372' title='bbox 1325 4579 1442 4641; x_wconf 85' lang='lat' dir='ltr'>liberos</span> <span class='ocrx_word' id='word_1_373' title='bbox 1475 4597 1561 4650; x_wconf 92' lang='lat' dir='ltr'>suos,</span> <span class='ocrx_word' id='word_1_374' title='bbox 1585 4596 1667 4656; x_wconf 93' lang='lat' dir='ltr'>quos</span> 
     </span>
     <span class='ocr_line' id='line_1_38' title="bbox 194 4681 1668 4767; baseline -0.005 -18"><span class='ocrx_word' id='word_1_375' title='bbox 194 4689 345 4767; x_wconf 87' lang='lat' dir='ltr'>turpiter</span> <span class='ocrx_word' id='word_1_376' title='bbox 359 4698 545 4766; x_wconf 84' lang='lat' dir='ltr'>genuerunt,</span> <span class='ocrx_word' id='word_1_377' title='bbox 560 4688 683 4764; x_wconf 90' lang='lat' dir='ltr'>turpius</span> <span class='ocrx_word' id='word_1_378' title='bbox 699 4685 739 4747; x_wconf 89' lang='lat' dir='ltr'>ad</span> <span class='ocrx_word' id='word_1_379' title='bbox 753 4686 968 4763; x_wconf 87' lang='lat' dir='ltr'>amplissimos</span> <span class='ocrx_word' id='word_1_380' title='bbox 984 4688 1178 4763; x_wconf 89' lang='lat' dir='ltr'>principatus</span> <span class='ocrx_word' id='word_1_381' title='bbox 1194 4684 1379 4763; x_wconf 85' lang='lat' dir='ltr'>provehant.</span> <span class='ocrx_word' id='word_1_382' title='bbox 1398 4681 1525 4744; x_wconf 87' lang='lat' dir='ltr'>Videris</span> <span class='ocrx_word' id='word_1_383' title='bbox 1537 4681 1668 4761; x_wconf 90' lang='lat' dir='ltr'>quidem</span> 
     </span>
     <span class='ocr_line' id='line_1_39' title="bbox 199 4786 1668 4871; baseline -0.008 -17"><span class='ocrx_word' id='word_1_384' title='bbox 199 4802 239 4854; x_wconf 88' lang='lat' dir='ltr'>tu</span> <span class='ocrx_word' id='word_1_385' title='bbox 258 4791 371 4870; x_wconf 87' lang='lat' dir='ltr'>magni</span> <span class='ocrx_word' id='word_1_386' title='bbox 387 4791 553 4868; x_wconf 89' lang='lat' dir='ltr'>quippiam</span> <span class='ocrx_word' id='word_1_387' title='bbox 569 4790 625 4850; x_wconf 89' lang='lat' dir='ltr'>tibi</span> <span class='ocrx_word' id='word_1_388' title='bbox 642 4789 683 4849; x_wconf 89' lang='lat' dir='ltr'>de</span> <span class='ocrx_word' id='word_1_389' title='bbox 700 4808 773 4870; x_wconf 84' lang='lat' dir='ltr'>rege</span> <span class='ocrx_word' id='word_1_390' title='bbox 790 4788 885 4852; x_wconf 89' lang='lat' dir='ltr'>Gallo</span> <span class='ocrx_word' id='word_1_391' title='bbox 908 4789 1059 4869; x_wconf 91' lang='lat' dir='ltr'>pollicer,</span> <span class='ocrx_word' id='word_1_392' title='bbox 1083 4809 1144 4871; x_wconf 88' lang='lat' dir='ltr'>ego</span> <span class='ocrx_word' id='word_1_393' title='bbox 1164 4799 1272 4848; x_wconf 90' lang='lat' dir='ltr'>autem</span> <span class='ocrx_word' id='word_1_394' title='bbox 1297 4788 1372 4848; x_wconf 91' lang='lat' dir='ltr'>nihil</span> <span class='ocrx_word' id='word_1_395' title='bbox 1397 4786 1474 4847; x_wconf 91' lang='lat' dir='ltr'>boni</span> <span class='ocrx_word' id='word_1_396' title='bbox 1497 4797 1668 4863; x_wconf 90' lang='lat' dir='ltr'>expectare</span> 
     </span>
     <span class='ocr_line' id='line_1_40' title="bbox 202 4891 1669 4975; baseline -0.006 -18"><span class='ocrx_word' id='word_1_397' title='bbox 202 4896 249 4957; x_wconf 89' lang='lat' dir='ltr'>ab</span> <span class='ocrx_word' id='word_1_398' title='bbox 275 4913 319 4955; x_wconf 90' lang='lat' dir='ltr'>eo</span> <span class='ocrx_word' id='word_1_399' title='bbox 342 4912 485 4971; x_wconf 88' lang='lat' dir='ltr'>possum,</span> <span class='ocrx_word' id='word_1_400' title='bbox 509 4894 564 4974; x_wconf 93' lang='lat' dir='ltr'>qui</span> <span class='ocrx_word' id='word_1_401' title='bbox 585 4895 671 4954; x_wconf 90' lang='lat' dir='ltr'>initia</span> <span class='ocrx_word' id='word_1_402' title='bbox 695 4896 781 4975; x_wconf 90' lang='lat' dir='ltr'>regni</span> <span class='ocrx_word' id='word_1_403' title='bbox 804 4915 822 4952; x_wconf 91' lang='lat' dir='ltr'>a</span> <span class='ocrx_word' id='word_1_404' title='bbox 847 4895 1050 4954; x_wconf 85' lang='lat' dir='ltr'>matrimonio</span> <span class='ocrx_word' id='word_1_405' title='bbox 1083 4895 1170 4953; x_wconf 92' lang='lat' dir='ltr'>omni</span> <span class='ocrx_word' id='word_1_406' title='bbox 1194 4895 1262 4953; x_wconf 91' lang='lat' dir='ltr'>iure</span> <span class='ocrx_word' id='word_1_407' title='bbox 1294 4891 1456 4969; x_wconf 91' lang='lat' dir='ltr'>prohibito</span> <span class='ocrx_word' id='word_1_408' title='bbox 1486 4891 1669 4968; x_wconf 90' lang='lat' dir='ltr'>auspicatus</span> 
     </span>
     <span class='ocr_line' id='line_1_41' title="bbox 208 4991 1670 5076; baseline -0.004 -18"><span class='ocrx_word' id='word_1_409' title='bbox 208 5011 266 5072; x_wconf 85' lang='lat' dir='ltr'>est,</span> <span class='ocrx_word' id='word_1_410' title='bbox 290 5015 400 5076; x_wconf 91' lang='lat' dir='ltr'>neque</span> <span class='ocrx_word' id='word_1_411' title='bbox 424 5016 475 5057; x_wconf 88' lang='lat' dir='ltr'>me</span> <span class='ocrx_word' id='word_1_412' title='bbox 498 4997 681 5075; x_wconf 77' lang='lat' dir='ltr'>frequentes</span> <span class='ocrx_word' id='word_1_413' title='bbox 704 4999 771 5058; x_wconf 90' lang='lat' dir='ltr'>eius</span> <span class='ocrx_word' id='word_1_414' title='bbox 794 4999 964 5057; x_wconf 86' lang='lat' dir='ltr'>conciones</span> <span class='ocrx_word' id='word_1_415' title='bbox 991 5009 1129 5069; x_wconf 87' lang='lat' dir='ltr'>movent,</span> <span class='ocrx_word' id='word_1_416' title='bbox 1161 4998 1278 5074; x_wconf 91' lang='lat' dir='ltr'>quibus</span> <span class='ocrx_word' id='word_1_417' title='bbox 1302 5015 1336 5055; x_wconf 90' lang='lat' dir='ltr'>se</span> <span class='ocrx_word' id='word_1_418' title='bbox 1360 4993 1513 5054; x_wconf 88' lang='lat' dir='ltr'>adversus</span> <span class='ocrx_word' id='word_1_419' title='bbox 1544 4991 1670 5053; x_wconf 78' lang='lat' dir='ltr'>Tuscos</span> 
     </span>
     <span class='ocr_line' id='line_1_42' title="bbox 210 5094 1664 5179; baseline -0.006 -15"><span class='ocrx_word' id='word_1_420' title='bbox 210 5122 300 5164; x_wconf 90' lang='lat' dir='ltr'>arma</span> <span class='ocrx_word' id='word_1_421' title='bbox 324 5112 528 5179; x_wconf 89' lang='lat' dir='ltr'>sumpturum</span> <span class='ocrx_word' id='word_1_422' title='bbox 552 5103 696 5163; x_wconf 88' lang='lat' dir='ltr'>iactabat.</span> <span class='ocrx_word' id='word_1_423' title='bbox 728 5099 905 5163; x_wconf 90' lang='lat' dir='ltr'>Artenam</span> <span class='ocrx_word' id='word_1_424' title='bbox 934 5099 1065 5161; x_wconf 83' lang='lat' dir='ltr'>callidus</span> <span class='ocrx_word' id='word_1_425' title='bbox 1095 5101 1194 5160; x_wconf 91' lang='lat' dir='ltr'>homo</span> <span class='ocrx_word' id='word_1_426' title='bbox 1218 5102 1322 5171; x_wconf 91' lang='lat' dir='ltr'>utitur,</span> <span class='ocrx_word' id='word_1_427' title='bbox 1347 5110 1377 5159; x_wconf 92' lang='lat' dir='ltr'>et</span> <span class='ocrx_word' id='word_1_428' title='bbox 1401 5098 1564 5176; x_wconf 85' lang='lat' dir='ltr'>quoniam,</span> <span class='ocrx_word' id='word_1_429' title='bbox 1587 5094 1664 5157; x_wconf 85' lang='lat' dir='ltr'>dum</span> 
     </span>
     <span class='ocr_line' id='line_1_43' title="bbox 213 5198 1667 5284; baseline -0.006 -17"><span class='ocrx_word' id='word_1_430' title='bbox 213 5207 315 5267; x_wconf 87' lang='lat' dir='ltr'>aliena</span> <span class='ocrx_word' id='word_1_431' title='bbox 340 5224 399 5282; x_wconf 93' lang='lat' dir='ltr'>pro</span> <span class='ocrx_word' id='word_1_432' title='bbox 415 5204 543 5266; x_wconf 91' lang='lat' dir='ltr'>libidine</span> <span class='ocrx_word' id='word_1_433' title='bbox 566 5207 656 5284; x_wconf 86' lang='lat' dir='ltr'>rapit,</span> <span class='ocrx_word' id='word_1_434' title='bbox 672 5226 706 5266; x_wconf 89' lang='lat' dir='ltr'>se</span> <span class='ocrx_word' id='word_1_435' title='bbox 723 5206 872 5266; x_wconf 85' lang='lat' dir='ltr'>omnibus</span> <span class='ocrx_word' id='word_1_436' title='bbox 897 5206 1029 5266; x_wconf 82' lang='lat' dir='ltr'>invisum</span> <span class='ocrx_word' id='word_1_437' title='bbox 1054 5225 1124 5265; x_wconf 89' lang='lat' dir='ltr'>esse</span> <span class='ocrx_word' id='word_1_438' title='bbox 1141 5207 1238 5276; x_wconf 88' lang='lat' dir='ltr'>timet,</span> <span class='ocrx_word' id='word_1_439' title='bbox 1255 5202 1464 5282; x_wconf 89' lang='lat' dir='ltr'>popularibus</span> <span class='ocrx_word' id='word_1_440' title='bbox 1481 5200 1529 5260; x_wconf 88' lang='lat' dir='ltr'>his</span> <span class='ocrx_word' id='word_1_441' title='bbox 1545 5198 1667 5260; x_wconf 90' lang='lat' dir='ltr'>blandi-</span> 
     </span>
     <span class='ocr_line' id='line_1_44' title="bbox 214 5306 1665 5389; baseline -0.008 -18"><span class='ocrx_word' id='word_1_442' title='bbox 214 5312 330 5372; x_wconf 89' lang='lat' dir='ltr'>mentis</span> <span class='ocrx_word' id='word_1_443' title='bbox 363 5308 507 5370; x_wconf 83' lang='lat' dir='ltr'>offensos</span> <span class='ocrx_word' id='word_1_444' title='bbox 540 5310 719 5389; x_wconf 86' lang='lat' dir='ltr'>principum</span> <span class='ocrx_word' id='word_1_445' title='bbox 750 5308 1011 5389; x_wconf 89' lang='lat' dir='ltr'>populorumque</span> <span class='ocrx_word' id='word_1_446' title='bbox 1045 5311 1169 5369; x_wconf 90' lang='lat' dir='ltr'>animos</span> <span class='ocrx_word' id='word_1_447' title='bbox 1199 5308 1259 5369; x_wconf 90' lang='lat' dir='ltr'>sibi</span> <span class='ocrx_word' id='word_1_448' title='bbox 1288 5306 1488 5367; x_wconf 88' lang='lat' dir='ltr'>reconciliare</span> <span class='ocrx_word' id='word_1_449' title='bbox 1523 5315 1665 5364; x_wconf 85' lang='lat' dir='ltr'>conatur.</span> 
     </span>
    </p>
   </div>
   <div class='ocr_carea' id='block_1_9' title="bbox 0 0 1851 5850">
    <p class='ocr_par' dir='ltr' id='par_1_9' title="bbox 0 0 1851 5850">
     <span class='ocr_line' id='line_1_45' title="bbox 0 0 1851 5850; baseline 0 0"><span class='ocrx_word' id='word_1_450' title='bbox 0 0 1851 5850; x_wconf 95' lang='lat' dir='ltr'> </span> 
     </span>
    </p>
   </div>
  </div>
 </body>
</html>
