3660 5850
810 399 902 468 1489,
919 399 1014 461 1490.
1600 400 1633 456 et

273 608 315 660 Na
333 608 432 662 vellrou
451 609 516 662 listu
534 610 631 662 tohoto
650 609 797 663 duleiitost
816 610 985 664 historiclrou
1008 612 1188 680 poulrazovati
1203 611 1259 679 jest
1271 611 1366 678 zajiste
1379 610 1524 680 zbytecno.
1543 612 1568 664 V
1578 611 1634 679 jed-

186 711 250 746 nom
270 711 286 747 z
304 695 434 763 rukopisli
457 694 643 764 t'tdenskych,
662 713 677 749 z
695 696 778 750 nichi
794 697 830 766 jej
849 700 952 768 poprve
971 700 1053 768 vydal
1072 701 1207 762 Cornova,
1227 701 1272 752 mal
1290 699 1383 767 napis:
1403 699 1444 751 De
1464 698 1530 752 urbe
1546 700 1634 765 Praga

185 790 214 834 et
231 783 324 848 gentis
349 782 519 835 Bohemicae
547 783 713 846 moribusa
739 792 817 838 tento
840 787 925 854 reeky'
952 786 1085 854 plipiselr:
1114 784 1188 839 Εἰπέ
1213 804 1252 843 τις
1277 781 1307 848 ἐξ
1332 781 1422 837 αὐτῶν
1446 783 1516 844 ἴδιος
1543 783 1634 838 αὐτῶν

185 868 343 934 προᾳήιης.
363 869 407 923 Pri
426 869 587 923 variantech
607 872 686 924 znaCl
705 874 744 923 Pr
759 872 818 940 rlrp.
837 872 966 941 Praislqi,
991 876 1016 923 V
1030 872 1170 926 videnskt
1189 874 1255 940 (text
1275 874 1422 941 Comovy).

887 1156 938 1219 22.

512 1292 733 1368 Bohuslav
760 1293 1027 1368 Viktorinovi
1055 1317 1103 1367 ze
1131 1293 1312 1367 Vsehrd.

272 1461 398 1521 VPmo
417 1464 483 1521 1429
503 1496 535 1505 -
553 1465 591 1521 31.
611 1447 683 1534 pros.
714 1465 850 1534 Dedilruje
874 1466 960 1520 satiro
984 1484 1021 1537 na
1043 1465 1163 1520 zlralene
1189 1483 1285 1534 mravy
1310 1464 1486 1527 soutasnilrtt,
1514 1463 1584 1517 iada
1601 1480 1634 1516 za

185 1550 310 1618 posudelr
328 1550 336 1603 i
354 1552 428 1621 prosl
455 1569 488 1606 za
515 1551 619 1621 utajenl
643 1571 693 1623 pro
720 1553 818 1607 moine
847 1553 1087 1622 nebezpccenstvl,
1115 1553 1207 1622 kdyby
1235 1570 1270 1606 na
1297 1551 1436 1620 veiejnost
1463 1569 1494 1604 se
1519 1550 1634 1604 dostala.

185 1638 271 1703 (Farr.
291 1637 348 1701 194,
367 1637 519 1709 Vinalicky
537 1639 571 1708 6).

274 1814 452 1879 Bohuslaus
482 1817 685 1880 Hasistenius
708 1817 875 1880 Victorino
905 1817 947 1878 de
971 1817 1126 1880 Wssehrd
1155 1837 1178 1879 s.
1202 1817 1230 1878 d.
1268 1816 1449 1880 Cecinimus
1471 1835 1572 1894 nuper
1595 1813 1635 1875 de

186 1919 330 1982 moribus
353 1924 473 1999 patriae
495 1919 629 2000 Satyros
659 1924 777 1995 imitati,
801 1925 859 1984 etsi
888 1932 1015 2001 praeter
1041 1921 1306 1983 consuetudinem
1336 1931 1461 1998 satyrae
1492 1922 1523 1981 in
1545 1921 1634 1980 initio

182 2027 366 2104 precatione
388 2024 430 2087 ad
453 2024 484 2088 S.
508 2025 723 2088 Venceslaum
745 2028 794 2089 usi
817 2046 943 2088 sumus:
968 2046 1051 2105 quos
1074 2025 1246 2088 versiculos
1268 2026 1324 2088 tibi
1348 2023 1453 2085 dicare
1476 2024 1633 2096 constitui,

185 2131 241 2208 qui
264 2140 296 2190 et
319 2131 418 2191 nostri
441 2132 652 2192 amicissimus
675 2151 710 2192 es
733 2142 765 2192 et
788 2132 947 2192 bonarum
971 2133 1086 2193 artium
1117 2129 1316 2211 percupidus¹
1355 2125 1525 2190 Caeterum
1548 2145 1634 2198 cave,

185 2252 226 2293 ne
250 2235 279 2293 in
303 2233 466 2311 publicum
489 2244 622 2295 exeant:
653 2253 720 2295 non
750 2247 824 2297 sunt
848 2237 932 2296 enim
965 2233 1155 2304 huiusmodi,
1184 2244 1219 2295 ut
1243 2236 1273 2293 in
1296 2252 1368 2293 arce
1399 2244 1551 2311 tanquam
1576 2229 1634 2290 Μί-

185 2357 281 2398 nerva
304 2336 434 2399 Phidiae
457 2340 533 2418 poni
556 2340 689 2416 possint.
728 2337 901 2403 Continent
931 2341 1026 2400 etiam
1057 2338 1219 2418 pleraque,
1249 2357 1332 2417 quae
1362 2338 1422 2398 sibi
1443 2337 1520 2414 ipsis
1551 2333 1634 2396 male

186 2443 303 2503 conscii
328 2443 469 2504 fortassis
492 2444 523 2502 in
546 2461 581 2503 se
604 2442 688 2505 dicta
710 2455 866 2523 putarent,
895 2443 1090 2524 Quanquam
1115 2445 1199 2504 enim
1223 2461 1285 2524 ego
1308 2443 1469 2502 neminem
1492 2441 1634 2511 nomin0,

186 2556 283 2625 atque
306 2545 389 2620 ideo,
413 2556 448 2607 ut
471 2545 522 2607 ille
544 2549 596 2621 ait,
620 2549 709 2609 irasci
733 2548 807 2609 mihi
824 2568 920 2610 nemo
944 2549 1054 2627 possit,
1078 2550 1135 2609 nisi
1159 2549 1230 2627 quis
1245 2559 1319 2608 ante
1342 2545 1383 2608 de
1406 2564 1441 2607 se
1464 2544 1537 2606 velit
1559 2561 1634 2603 con·

187 2649 283 2710 literi:
306 2670 418 2712 vereor
440 2662 548 2712 tamen
573 2653 683 2712 tacitas
713 2671 825 2713 eorum
849 2655 1055 2732 suspiciones
1087 2671 1170 2732 quos
1204 2650 1368 2713 offendere
1398 2650 1459 2710 hoc
1489 2659 1634 2727 tempore

188 2753 402 2833 periculosum
423 2766 479 2816 est.
503 2753 619 2834 Neque
635 2767 801 2835 praeterea
817 2756 967 2819 iudicium
983 2757 1067 2839 vulgi
1082 2756 1142 2817 hac
1157 2759 1187 2816 in
1204 2775 1237 2816 re
1253 2754 1465 2836 magnifacio,
1481 2741 1633 2832 quoniam

187 2868 219 2918 et
242 2856 335 2918 laude
359 2856 504 2938 populari
529 2859 640 2922 extolli
664 2871 696 2921 et
719 2862 874 2940 vituperio
898 2862 999 2944 frangi
1022 2881 1126 2941 aeque
1149 2859 1216 2921 leve
1239 2870 1304 2921 est:
1328 2858 1385 2922 sed
1410 2869 1441 2919 te
1464 2857 1535 2919 solo
1559 2875 1635 2916 con-

187 2972 294 3023 tentus
318 2981 398 3036 sum,
422 2982 441 3022 a
464 2981 530 3042 quo
554 2964 682 3042 probari
706 2976 737 3026 et
753 2965 925 3045 improbari
949 2963 1213 3027 iucundissimum
1229 2963 1304 3024 milri
1328 2965 1393 3023 erit.
1418 2961 1534 3025 Utrum
1550 2962 1634 3021 enim

186 3066 303 3128 horum
327 3066 445 3140 feceris,
469 3066 500 3128 id
523 3078 555 3129 te
578 3071 702 3146 optimo
725 3081 822 3148 atque
845 3072 1065 3131 amantissimo
1089 3088 1164 3150 erga
1184 3087 1235 3128 me
1251 3069 1359 3129 animo
1375 3066 1530 3127 facturum
1546 3075 1635 3125 certo

188 3171 263 3231 scio.
288 3169 378 3231 Vale.
402 3170 523 3233 Datum
547 3173 577 3232 in
600 3172 735 3234 aedibus
757 3175 874 3234 nostris
897 3173 999 3252 pridie
1022 3172 1180 3236 Calendas
1198 3172 1337 3254 Januarii
1361 3190 1446 3232 anno
1472 3170 1563 3233 1490.

276 3356 395 3409 Vroeenl
415 3356 482 3409 1489
497 3357 552 3424 jest
571 3375 649 3411 samo
668 3358 778 3426 zlejme.
808 3360 948 3411 Bohuslav
971 3360 1102 3428 pi‘eby'val
1125 3359 1233 3412 tenkrat
1251 3376 1268 3410 v
1288 3359 1372 3410 Praze
1395 3375 1429 3410 ve
1448 3358 1524 3409 svem
1553 3356 1635 3408 dome

188 3443 428 3496 Malostranslrem.
447 3445 559 3497 Minena
574 3444 630 3512 jest
647 3446 698 3498 zde
717 3446 802 3498 bascli
821 3464 855 3499 ve
875 3447 948 3498 Fam
967 3464 1003 3499 na
1021 3454 1068 3499 str.
1089 3446 1119 3497 11
1139 3464 1169 3498 se
1188 3445 1348 3514 podlnajicl:
1368 3443 1410 3496 Ad
1423 3451 1551 3496 sanctum
1565 3443 1636 3495 Ven-

189 3529 312 3582 ceslaum
332 3538 433 3598 satyra,
453 3530 480 3583 in
499 3547 553 3598 qua
572 3549 664 3584 mores
683 3549 837 3599 procerum,
856 3531 989 3586 nobilium
1009 3542 1037 3586 et
1056 3534 1226 3601 popularium
1245 3532 1348 3600 patriae
1367 3547 1433 3583 suae
1451 3528 1636 3598 reprehendit.

189 3615 260 3668 Μαί
278 3615 405 3668 basnemi
424 3617 660 3686 Bohuslavovy'mi
676 3617 732 3685 jest
749 3625 778 3670 to
795 3618 879 3686 jedna
897 3619 1151 3686 znejzdatilejsich.
1182 3620 1192 3670 l
1211 3627 1288 3671 tento
1307 3618 1352 3671 list
1372 3618 1381 3670 i
1399 3624 1458 3669 tato
1484 3616 1571 3669 bascli
1591 3632 1635 3668 na·

188 3702 296 3770 chdzejl
315 3720 345 3755 se
363 3703 426 3755 take
446 3721 463 3754 v
475 3703 602 3756 znamem
622 3704 710 3758 listari
729 3705 764 3757 M.
784 3706 907 3758 Valclava
926 3707 1080 3759 Plseckeho
1099 3709 1181 3774 (srov.
1201 3693 1262 3759 Cas.
1282 3707 1351 3759 Mus
1372 3702 1438 3782 1876
1457 3712 1504 3756 str.
1522 3702 1574 3770 83).

890 4006 940 4070 23.

513 4141 707 4216 Viktorin
734 4167 782 4217 ze
813 4144 979 4218 Vsehrd
1008 4142 1309 4218 Bohuslavovi.

275 4312 310 4378 (V
330 4311 415 4367 l’mo
433 4312 498 4368 1190
518 4343 550 4351 -
568 4329 584 4368 ν
603 4314 703 4381 ledon).
723 4315 828 4382 Deiruje
846 4333 879 4367 za
892 4317 1066 4384 prokazanou
1085 4315 1152 4369 sobe
1171 4318 1231 4369 test
1246 4315 1413 4368 venovanim
1432 4313 1526 4381 satiry,
1545 4311 1636 4364 chvali

186 4397 235 4466 jejt
253 4398 403 4466 vltelnost
421 4397 429 4450 i
448 4398 539 4452 velebi
555 4399 641 4467 jejiho
659 4401 817 4455 skladatele.
836 4403 921 4468 (Farr.
942 4402 1009 4470 195).

276 4573 460 4635 Victorinus
483 4574 524 4636 de
547 4575 704 4638 Wssehrd
729 4579 862 4640 domino
887 4579 966 4642 Boh.
989 4579 1174 4641 Hasistenio
1198 4601 1221 4641 s.
1245 4580 1275 4641 d.
1299 4578 1406 4658 Quam
1429 4589 1538 4660 gratae
1562 4575 1637 4637 mihi

187 4678 302 4739 fuerint
326 4677 434 4739 literae
458 4690 540 4753 tuae,
565 4679 733 4755 Bohuslae‚
757 4681 922 4744 Musarum
946 4694 977 4744 et
1001 4683 1205 4765 eloquentiae
1232 4687 1388 4765 princeps
1412 4701 1539 4761 nequeo
1564 4683 1639 4742 satis

188 4782 360 4862 explicare,
394 4784 511 4863 quibus
545 4785 801 4847 benevolentiam
834 4807 911 4869 ergo
947 4807 999 4848 me
1033 4800 1120 4850 tuam
1149 4807 1213 4849 non
1245 4788 1425 4870 significasti
1449 4785 1558 4859 modo,
1581 4785 1639 4846 sed

189 4888 286 4947 etiam
310 4884 432 4966 liquido
456 4887 637 4950 declarasti:
662 4891 781 4969 quippe
804 4888 953 4969 Satyram
976 4903 1085 4955 nostra
1108 4904 1255 4972 tempora
1278 4904 1310 4953 et
1333 4912 1440 4954 mores
1464 4902 1638 4963 notantem,

188 5009 288 5070 quam
311 5009 414 5068 nuper
436 4991 602 5066 excudisti,
626 5003 657 5053 et
681 4996 757 5054 mihi
780 4994 918 5070 dedicas
942 5008 975 5059 et
993 4997 1143 5060 iudiciolo
1167 5017 1241 5058 meo
1265 4996 1513 5058 examinandam
1537 4997 1639 5074 pensi-

189 5092 388 5173 tandamque
411 5098 576 5173 permittis,
603 5097 696 5178 vulg,
724 5097 813 5178 quod
842 5100 1000 5162 interdum
1025 5100 1070 5182 (ut
1094 5101 1227 5163 Flaccus
1250 5099 1305 5183 ait)
1336 5101 1379 5162 nil
1402 5112 1523 5163 rectum
1546 5099 1639 5171 videt,

188 5216 256 5259 non
280 5208 452 5260 contentus
476 5201 601 5262 iudicio.
624 5199 763 5262 Tantam
787 5205 879 5284 igitur
901 5207 996 5264 animi
1021 5207 1065 5265 tui
1088 5225 1163 5288 erga
1186 5225 1238 5266 me
1253 5205 1450 5266 voluntatem
1474 5202 1559 5265 nulla
1583 5221 1640 5265 un-

190 5320 289 5381 quam
314 5312 497 5383 temporum
520 5304 726 5368 diuturnitate
749 5307 910 5368 obliterari
939 5320 994 5370 aut
1016 5329 1034 5370 e
1057 5320 1165 5371 mente
1192 5329 1264 5371 mea
1291 5310 1376 5371 eradi
1406 5310 1521 5389 patiar:
1551 5309 1641 5386 quin·
