3660 5850
827 383 908 450 1501,
925 383 1016 443 1502

902 651 952 712 uu.

623 787 842 861 Bohuslav
865 789 976 881 Janu
1006 766 1232 861 §lechtovi

284 956 370 1023 (but)
384 985 415 995 -
428 959 455 1012 4.
474 955 553 1026 ilina.
572 956 680 1024 Zprdvu
699 957 779 1020 davd,
792 957 823 1010 le
842 959 960 1026 povoldn
980 957 1035 1027 byv
1053 959 1179 1011 konedne
1192 959 1227 1010 od
1241 958 1370 1012 kanclete
1388 959 1425 1012 do
1443 959 1536 1028 Praby
1547 960 1647 1029 uslyilel

198 1041 350 1111 podmlnlty
374 1043 461 1095 svebo
486 1041 575 1111 prijeu
599 1043 633 1096 ke
651 1044 738 1097 dvoru
763 1044 964 1098 kralovslremu.
992 1045 1078 1105 Prosl,
1103 1043 1157 1112 aby
1182 1061 1212 1097 se
1231 1061 1248 1096 o
1265 1053 1295 1097 to
1314 1044 1431 1114 plidinil,
1455 1045 1511 1114 aby
1533 1045 1648 1114 vy'sluha

195 1127 262 1196 jeho
281 1129 345 1197 byla
363 1131 493 1198 zvysena.
512 1130 592 1196 (Luc.
610 1129 652 1192 83,
673 1130 824 1199 Vinaliclql
842 1131 894 1196 bb.)

281 1305 395 1388 Joanni
417 1305 582 1370 Sslechtae
604 1327 627 1369 s.
650 1328 680 1387 p.
704 1306 734 1368 d.
771 1306 904 1370 Accitus
931 1327 1003 1370 sum
1026 1308 1158 1370 tandem
1180 1328 1199 1368 a
1222 1306 1355 1370 domino
1378 1318 1436 1370 tuo
1459 1307 1596 1391 Pragam
1617 1320 1648 1371 et

196 1410 348 1472 mandata
371 1412 454 1492 regia
478 1409 592 1488 cupide
615 1410 729 1471 audivi.
753 1410 941 1475 Placuerunt
964 1412 1038 1472 mihi
1063 1414 1179 1485 omnia,
1195 1414 1293 1491 stipes
1309 1421 1434 1473 tantum
1450 1415 1570 1494 exigua
1585 1416 1648 1475 visa

196 1525 244 1575 est
267 1516 461 1595 minimeque
484 1515 665 1594 sumptibus
689 1517 767 1575 meis
790 1516 902 1577 suturis
917 1516 1084 1587 sufficiens
1109 1517 1271 1597 longeque
1287 1519 1400 1591 minor,
1424 1536 1525 1596 quam
1541 1518 1648 1579 literae

195 1629 270 1679 tuae
293 1621 477 1689 innuebant,
501 1620 621 1698 quippe
644 1638 727 1699 quae
750 1621 902 1681 omnibus
925 1621 997 1693 lere,
1021 1634 1055 1683 ut
1079 1620 1184 1693 audio,
1208 1621 1315 1682 aulicis
1337 1620 1403 1683 dari
1428 1623 1521 1683 solet.
1557 1621 1647 1682 Hanc

195 1724 270 1784 mibi
293 1724 400 1804 augeri
423 1724 526 1801 petivi,
550 1722 639 1801 quod
661 1722 716 1783 ubi
739 1742 805 1784 non
829 1724 952 1784 obtinui
976 1722 1141 1804 (quoniam
1161 1723 1296 1787 sortasse
1311 1725 1342 1786 id
1358 1728 1389 1786 in
1406 1725 1569 1788 mandatis
1584 1745 1644 1787 non

195 1826 357 1909 habebat),
381 1826 447 1887 dixi
470 1845 522 1888 me
544 1827 806 1888 consultatuntm.
832 1827 946 1906 Neque
970 1828 1089 1889 multos
1113 1840 1188 1906 post
1210 1829 1279 1890 dies
1302 1828 1408 1890 literas
1424 1829 1466 1890 ad
1482 1830 1643 1892 homiuem

194 1930 277 2004 dedi,
312 1950 448 2010 quarum
481 1930 667 2009 exemplum
702 1931 757 1991 tibi
788 1933 889 1993 mitto.
927 1930 1035 1993 Tuum
1066 1944 1174 1994 autem
1207 1935 1265 1994 erit
1295 1952 1412 2006 curare,
1447 1944 1483 1995 ut
1514 1933 1642 1995 alterum

195 2034 364 2098 eduobus
387 2034 449 2109 fiat,
479 2035 542 2096 hoc
572 2046 620 2097 est
650 2048 684 2097 ut
715 2046 770 2097 aut
800 2038 898 2116 stipes
925 2036 994 2098 sola
1022 2049 1077 2098 aut
1107 2055 1182 2099 cum
1204 2039 1286 2117 stipe
1312 2056 1467 2100 numerus
1490 2057 1641 2118 equorum

194 2138 269 2200 mihi
292 2150 446 2220 augeatur
468 2148 499 2199 et
523 2157 582 2217 pro
606 2137 718 2200 decem
742 2137 913 2200 duodecim
938 2139 1015 2201 liant
1039 2140 1188 2221 milleque
1211 2143 1315 2203 aureis
1332 2141 1460 2204 ducenti
1478 2142 1639 2204 addantur.

194 2242 309 2323 Neque
332 2254 448 2315 tamen,
470 2243 496 2303 si
518 2253 666 2302 neutrum
683 2241 796 2303 horum
814 2245 1034 2322 impetravero
1057 2243 1132 2306 ideo
1149 2247 1254 2325 regiae
1269 2246 1425 2308 voluntati
1440 2245 1638 2315 adversabor,

192 2346 250 2408 sed
273 2347 454 2426 permittam
477 2346 547 2406 vela
570 2348 670 2407 ventis
693 2358 724 2407 et
747 2366 789 2407 ex
812 2347 981 2426 tranquillo
1004 2358 1098 2426 portu
1123 2368 1175 2409 me
1199 2350 1229 2409 in
1253 2361 1378 2411 vastum
1401 2352 1537 2432 pelagus
1551 2351 1636 2411 conii-

192 2454 281 2523 ciam,
309 2451 437 2531 tibique,
469 2453 522 2529 qui
546 2450 661 2512 borum
685 2453 829 2513 omnium
852 2462 949 2530 caput
973 2453 1129 2534 origoque
1152 2473 1195 2527 cs,
1220 2453 1373 2533 deinceps
1401 2465 1468 2516 tam
1493 2474 1633 2533 prospera

192 2573 289 2633 qnam
312 2553 445 2615 adversa
468 2573 539 2615 mea
563 2566 693 2633 accepta
717 2554 858 2615 referam.
883 2554 972 2616 Vale.
997 2554 1051 2616 lV.
1075 2555 1233 2618 Octobris.

889 2866 939 2931 93.

494 3003 713 3077 Bohuslav
741 3003 990 3078 Bernhardu
1019 3005 1342 3080 Adelmannovi.

277 3175 477 3241 (teob-2⁰.
496 3174 584 3231 ladon.
611 3174 748 3227 Omlouva
772 3192 841 3227 svou
866 3175 967 3242 pozdni
992 3175 1152 3243 odpoveda
1171 3176 1227 3229 divi
1251 3194 1289 3241 se,
1312 3179 1378 3245 prod
1404 3195 1450 3230 mu
1474 3178 1521 3231 tak
1538 3178 1656 3231 dlouho

190 3259 316 3328 ladmen
336 3260 402 3313 lrnih
421 3260 552 3328 neposlal.
571 3244 628 3313 Zeti
647 3260 769 3313 bldnebo
794 3269 875 3314 stavu
894 3262 948 3314 lise
968 3263 1101 3315 nemeclrk
1120 3280 1136 3316 a
1155 3264 1233 3317 smrti
1258 3264 1422 3332 nekdejslho
1441 3265 1537 3333 plitele
1554 3281 1569 3317 z
1586 3265 1680 3318 Bo»

190 3347 273 3400 nonie
291 3348 360 3416 Jana
379 3347 633 3400 Seinsheimslreho.
661 3332 811 3400 Zadanebo
836 3348 907 3401 lione
927 3348 1032 3416 slibuje,
1052 3350 1084 3403 ie
1103 3367 1150 3403 mu
1169 3349 1235 3418 brzy
1254 3351 1339 3418 polle.
1367 3352 1409 3404 Na
1429 3351 1511 3404 konci
1530 3352 1693 3404 zmlnlrffi

190 3451 207 3484 o
225 3432 336 3487 brzkem
356 3434 477 3503 plljezdu
496 3435 606 3488 kralove
625 3451 641 3487 a
660 3452 677 3487 o
695 3435 816 3488 budoucl
835 3439 912 3490 ceste
931 3437 1126 3490 Bohuslavove
1145 3437 1181 3489 do
1202 3437 1286 3491 Uber.
1305 3438 1385 3506 (Luc.
1403 3438 1456 3506 88.)

276 3610 460 3673 bernbardo
484 3630 545 3673 suo
568 3609 773 3673 Adelmanno
796 3632 819 3673 s.
843 3632 873 3691 p.
896 3611 926 3672 d.
959 3611 1067 3674 Tarde
1089 3613 1145 3674 tibi
1169 3614 1317 3688 rescribo,
1340 3614 1432 3677 tarde
1454 3618 1541 3678 enim
1565 3616 1693 3677 mil(

187 3716 295 3778 literae
326 3726 400 3777 tuae
430 3713 574 3777 redditae
597 3727 679 3777 sunt.
718 3713 911 3797 Quanquam
943 3716 1004 3777 boc
1033 3729 1178 3796 tempore
1209 3737 1274 3779 non
1298 3728 1346 3780 est
1370 3738 1503 3782 necesse
1525 3739 1577 3781 me
1597 3735 1693 3780 at,-

188 3822 297 3880 omnia
319 3817 529 3897 respondere:
560 3818 636 3900 quid
667 3821 753 3880 enim
781 3822 892 3882 attinet
922 3841 967 3895 ea,
991 3841 1075 3901 quae
1097 3841 1194 3901 saepe
1217 3825 1280 3885 iam
1303 3824 1403 3887 diluta
1425 3836 1510 3899 sunt,
1533 3831 1693 3886 rursu-‚1

188 3922 325 3985 diluere?
347 3923 415 3988 Sim
438 3942 524 3997 sane,
548 3923 680 4002 quando
704 3925 745 3985 ita
769 3927 822 3997 vis,
845 3927 877 3986 in
901 3924 1105 3987 rescribendo
1128 3927 1226 4008 piger,
1249 3929 1308 3987 sim
1324 3927 1486 3989 interdum
1503 3928 1693 3989 dicacio(

188 4028 339 4101 fortassis,
372 4047 468 4108 quam
497 4046 555 4106 par
584 4039 645 4088 est:
677 4047 768 4090 meus
796 4041 904 4090 tamen
932 4048 1006 4110 erga
1036 4041 1066 4091 te
1089 4032 1214 4092 animus
1237 4049 1365 4108 semper
1386 4032 1413 4093 is
1437 4045 1486 4094 est
1509 4034 1693 4113 eritqu9

188 4134 242 4211 qui
257 4132 363 4194 debet.
389 4132 503 4210 Neque
519 4134 593 4192 item
612 4134 654 4191 rei
672 4132 824 4192 literariae
839 4134 1063 4211 impraesentia
1080 4136 1176 4196 ullam
1193 4136 1391 4196 mentionem
1409 4134 1501 4197 saci0.
1523 4135 1654 4198 Omnia
1672 4124 1693 4186 ῑ

186 4238 270 4295 enim
293 4254 332 4295 ea
355 4254 420 4296 non
443 4234 548 4295 solum
571 4235 613 4295 ad
636 4247 668 4296 te
691 4237 815 4313 scripta,
838 4236 895 4297 sed
919 4240 1014 4299 etiam
1038 4239 1164 4316 saepius
1187 4241 1320 4316 repetita
1343 4252 1442 4320 atque
1464 4239 1693 4302 identiders

186 4340 240 4400 tibi
266 4341 420 4401 inculcata
444 4352 532 4400 sunt:
557 4341 653 4400 miror
676 4351 782 4400 tamen
807 4351 897 4401 tanto
920 4351 1068 4420 tempore
1091 4341 1164 4403 nibil
1189 4360 1240 4403 me
1256 4343 1315 4403 abs
1331 4354 1363 4404 te
1379 4343 1536 4406 librorum
1552 4350 1693 4405 acccc

186 4447 279 4522 pisse.
303 4441 401 4522 Quod
425 4457 532 4505 autem
557 4443 665 4505 scribis
689 4442 896 4506 Germaniam
920 4448 989 4506 sine
1012 4447 1082 4527 lege
1104 4448 1209 4507 vivere
1231 4447 1494 4527 principatusque
1509 4454 1687 4509 vestrofi

185 4547 274 4628 quod
298 4546 497 4629 Augustinus
520 4549 641 4609 iniustis
664 4550 768 4629 regnis
790 4547 935 4609 accidere
959 4550 1009 4623 ait,
1033 4550 1195 4611 latrocinia
1219 4569 1293 4611 vera
1309 4569 1389 4624 esse,
1412 4552 1549 4633 graviter
1564 4551 1669 4612 fero-

186 4651 320 4733 lnsignis
348 4654 433 4712 enim
464 4651 542 4712 haec
573 4654 659 4713 natio
690 4664 721 4714 et
745 4650 994 4715 Christianarum
1021 4655 1165 4715 omnium
1189 4653 1380 4716 validissima
1405 4656 1463 4717 nisi
1485 4656 1652 4718 intestinis

185 4757 394 4817 seditionibus
416 4768 448 4817 et
472 4756 503 4816 id
527 4776 628 4828 oenus
651 4756 773 4818 morbis
797 4757 963 4832 laboraret,
991 4758 1042 4819 vel
1071 4758 1140 4820 sola
1171 4759 1378 4821 barbararum
1407 4762 1552 4841 gentium
1582 4762 1635 4820 im·

185 4873 294 4938 petum
319 4864 474 4922 sustinere
498 4872 621 4938 posset:
654 4861 738 4922 unde
762 4861 805 4933 fit,
834 4874 867 4922 ut
892 4863 959 4924 eius
983 4863 1074 4924 malis
1098 4883 1162 4924 non
1186 4864 1394 4946 ingemiscere
1417 4881 1483 4925 non
1509 4866 1630 4943 possim.

184 4962 310 5042 Quodsi
335 4962 477 5037 Carolus,
505 4967 558 5044 qui
590 4966 711 5043 primus
741 4966 848 5027 titulos
872 4964 1009 5027 Romani
1037 4968 1157 5046 imperii
1184 4969 1214 5028 in
1238 4966 1445 5030 Germaniam
1470 4969 1627 5039 transtulit,

184 5070 208 5129 si
232 5080 280 5130 tot
307 5068 435 5129 llenrici
460 5080 556 5148 atque
573 5068 721 5131 Otbones
744 5069 785 5131 ab
811 5069 993 5131 Acheronte
1009 5075 1229 5145 excitarentur,
1253 5072 1370 5152 quibus
1385 5071 1517 5134 tandem
1535 5074 1629 5135 verbis

184 5192 256 5231 cum
282 5171 464 5253 Augustum
489 5185 632 5233 nostrum
656 5186 688 5234 et
711 5172 795 5234 illam
820 5175 925 5254 magni
953 5178 1091 5236 nominis
1115 5176 1261 5236 umbram
1284 5187 1352 5237 tum
1376 5187 1523 5238 caeteros
1553 5179 1629 5255 prin-

184 5279 269 5353 cipes
293 5279 485 5337 incesserent
520 5296 656 5356 quorum
680 5278 853 5338 ambitione
877 5289 974 5357 atque
1002 5282 1123 5360 ignaria
1146 5280 1251 5339 omnis
1273 5280 1377 5359 prisca
1400 5278 1630 5342 Germanomm
