3696 5836
200 366 251 419 158
879 369 970 430 1506·

197 582 286 662 quod
309 582 422 657 dicam,
441 582 499 643 nisi
522 583 690 644 lllattlriam
713 602 822 665 regem
844 605 902 665 per
924 585 1125 668 Pythagorae
1148 587 1374 668 palingenesim
1400 598 1546 649 renatum
1572 606 1655 648 esse.

197 686 296 767 Quod
319 688 430 748 scribis
460 687 502 750 de
528 688 671 768 quodam
701 687 782 750 libro
813 689 854 750 ad
877 687 1040 752 Andream
1072 691 1113 753 de
1135 689 1206 754 Scal
1237 693 1424 770 pertinente,
1447 693 1529 774 scito
1559 692 1657 753 fuisse

197 791 284 871 apud
315 810 367 852 me
397 792 560 872 quendam
583 792 764 867 Zacensem,
788 795 842 873 qui
865 793 1004 855 eundem
1035 795 1150 856 librum
1181 797 1240 857 sibi
1263 794 1455 857 vendicabat
1481 805 1573 856 etse
1597 794 1655 856 do·

197 899 319 959 minum
343 898 410 958 eius
433 896 620 971 affirmabat,
643 899 789 959 cuicum
813 899 954 976 precium
985 919 1043 978 pro
1071 897 1152 961 libro
1179 901 1378 975 obtulissem,
1401 899 1654 961 deliberaturum

197 1021 232 1063 se
256 1001 352 1077 dixit,
375 1021 435 1063 nec
458 1005 631 1082 quicquam
653 1004 776 1064 interim
799 1015 906 1065 actum
930 1013 986 1064 est.
1010 1003 1129 1082 ltaque,
1150 1004 1176 1066 si
1198 1003 1264 1065 fieri
1287 1015 1401 1084 potest,
1418 1004 1514 1066 facito
1530 1022 1654 1083 precor,

197 1117 231 1168 ut
247 1109 333 1168 iusto
349 1108 458 1186 precio
474 1105 639 1186 persoluto
655 1107 735 1169 liber
750 1105 838 1186 apud
858 1127 910 1168 me
926 1117 1062 1169 maneat.
1079 1106 1170 1169 Vale,
1192 1107 1245 1169 Ex
1261 1107 1485 1186 Hassensteyn
1501 1106 1554 1171 30.
1571 1105 1653 1169 Maii.

282 1295 333 1364 Jan
353 1311 368 1347 z
385 1293 475 1363 Pibry‚
495 1293 672 1362 poslouchaje
691 1294 759 1363 rady
777 1296 974 1364 Bohuslavovy
992 1298 1094 1363 (srovn.
1107 1295 1153 1350 list
1167 1295 1234 1363 115),
1253 1298 1350 1365 patrue
1370 1296 1424 1349 mel
1442 1296 1535 1364 timysl
1554 1294 1654 1363 poslati

199 1382 291 1434 darem
311 1380 427 1450 bislrupu
442 1381 685 1444 Wiirzburskemu
698 1382 830 1434 Vavlinci
849 1380 971 1450 zBibry,
984 1382 1066 1434 desire
1086 1383 1218 1451 syredlry3
1236 1384 1279 1436 ale
1295 1381 1390 1452 vybral
1409 1381 1433 1435 si
1452 1399 1486 1435 za
1504 1382 1592 1451 posia,
1609 1380 1655 1449 jak

200 1487 229 1521 se
254 1469 314 1532 zdd,
338 1468 473 1536 nejakeho
498 1468 666 1522 lvastavkho
691 1467 833 1521 lralilnlka.
866 1468 984 1539 OJiilm
1009 1485 1025 1521 z
1048 1468 1196 1522 Gutsteina
1220 1468 1265 1521 viz
1287 1468 1443 1537 pozndmku
1467 1467 1570 1522 klistu
1597 1468 1654 1532 118,

200 1574 216 1608 ο
236 1556 318 1609 nihle
337 1556 435 1624 potate
454 1556 488 1609 od
509 1555 597 1608 eisaie
617 1554 804 1608 lllaximiliana
823 1555 901 1609 valce
920 1554 1029 1622 srovnej
1049 1556 1207 1609 Palackkho
1224 1556 1258 1620 V,
1276 1554 1301 1619 9,
1321 1553 1379 1608 106.

895 1875 963 1937 125.

597 2012 817 2088 Bohuslav
839 2012 949 2106 Janu
977 2010 1257 2085 Lachnerovi.

286 2202 307 2257 Ζ
327 2199 481 2260 1013ῑό101111
499 2200 688 2268 (1500)-14.
707 2201 816 2261 domna.
842 2201 989 2255 Pledeslav
1007 2201 1174 2254 rozvlidnou
1192 2199 1354 2268 piedmluvu
1373 2217 1389 2252 o
1407 2200 1555 2268 platelstvl
1573 2200 1658 2270 prosi,

201 2288 255 2357 aby
274 2306 320 2342 mu
339 2289 425 2358 poslal
445 2289 515 2342 nove
535 2290 597 2358 lelry
615 2288 686 2359 proti
705 2289 845 2343 bllllcimu
863 2306 894 2342 se
913 2306 1000 2342 moru.
1018 2288 1097 2356 (Luc.
1118 2285 1186 2356 123.)

285 2467 399 2548 Joanni
422 2466 570 2528 Lachuer
593 2487 617 2529 s.
641 2486 671 2546 p.
695 2468 724 2529 d.
759 2464 885 2529 Amasti
909 2485 969 2539 me,
990 2466 1138 2547 Joannes,
1162 2474 1335 2545 antequam
1365 2484 1527 2539 nosceres
1550 2485 1660 2547 neque

201 2572 233 2633 id
257 2573 373 2635 meritis
397 2574 476 2634 meis
505 2571 563 2633 sed
592 2572 789 2634 humanitate
812 2583 867 2634 tua
890 2571 1019 2633 accidit:
1050 2572 1185 2634 arbitror
1212 2583 1320 2633 autem
1343 2584 1375 2634 et
1396 2573 1453 2636 tibi
1477 2574 1659 2655 cognitum,

200 2695 266 2755 quo
293 2695 368 2759 erga
398 2688 430 2738 te
460 2679 570 2740 animo
599 2681 668 2740 sim.
706 2675 875 2742 Caeterum
906 2688 940 2740 ut
970 2679 1099 2759 plantae
1128 2676 1272 2738 novellae
1301 2678 1360 2740 etsi
1382 2677 1577 2752 coalescant,
1600 2680 1658 2740 nisi

202 2792 309 2841 tamen
332 2781 468 2843 subinde
498 2785 638 2865 rigentur
669 2784 947 2865 ablaqueenturve,
970 2797 1002 2848 et
1024 2795 1171 2847 arescunt
1201 2795 1233 2845 et
1263 2782 1368 2845 nullos
1390 2788 1512 2844 tructus
1537 2766 1659 2845 ferunt:

202 2885 243 2946 ita
266 2898 296 2947 et
320 2906 431 2948 recens
454 2889 600 2962 amicitia,
627 2889 681 2951 ubi
703 2887 791 2951 nullo
813 2892 1008 2954 commercio
1031 2901 1209 2963 renovatur,
1231 2887 1320 2950 facile
1342 2889 1477 2950 senescit
1501 2890 1661 2972 extingui-

202 2999 323 3069 turque.
347 2989 455 3071 Atque
479 2989 605 3074 ade0,*)
628 2995 782 3071 quoniam
812 2993 994 3056 dulcissima
1025 3005 1078 3056 tua
1109 2993 1342 3056 consuetudine
1369 2990 1426 3054 frui
1449 3004 1482 3056 et
1504 3004 1660 3056 mutuum

201 3113 345 3156 amorem
362 3094 460 3177 longo
476 3116 536 3158 usu
551 3109 648 3176 atque
671 3097 878 3159 familiaritate
901 3096 1038 3159 stabilire
1061 3097 1251 3178 firmareque
1266 3117 1332 3160 non
1348 3099 1427 3172 licet,
1442 3098 1529 3161 volui
1545 3101 1660 3178 paucis

202 3199 306 3260 hisad
323 3201 514 3275 rescribere,
531 3213 564 3263 ut
581 3200 675 3264 literis
699 3204 778 3264 meis
801 3204 891 3283 quasi
914 3201 1106 3282 quibusdam
1130 3203 1264 3264 stimulis
1287 3203 1471 3265 admonitus
1493 3213 1526 3264 et
1550 3220 1660 3283 perse·

202 3322 290 3364 veres
314 3305 344 3363 in
367 3305 590 3367 benevolentia
621 3324 695 3387 erga
726 3325 778 3367 me
801 3318 834 3369 et
856 3308 1026 3367 amicitiam
1056 3305 1154 3368 semel
1178 3317 1328 3387 coeptam
1352 3316 1537 3368 constanter
1560 3305 1658 3369 colas.

202 3406 238 3468 ld
262 3409 286 3467 si
310 3410 508 3487 praestiteris,
531 3430 596 3471 non
619 3410 723 3472 solum
754 3412 829 3473 mibi
860 3411 1054 3473 satisfactum
1085 3414 1150 3483 erit,
1173 3410 1230 3471 sed
1254 3413 1350 3473 etiam
1373 3430 1458 3472 novo
1481 3429 1535 3472 me
1559 3412 1659 3473 bene·

202 3510 273 3573 licio
290 3513 488 3576 cumulatum
511 3516 642 3594 putabo.
667 3514 711 3579 Ut
734 3519 818 3577 enim
841 3518 978 3599 ingenue
1001 3515 1093 3578 simul
1118 3526 1149 3577 et
1172 3516 1294 3578 urbane
1317 3527 1424 3578 tecum
1446 3535 1553 3598 agam,
1570 3515 1658 3578 malo

201 3619 298 3678 virtus
314 3616 522 3698 doctrinaque
538 3631 592 3682 tua
609 3630 641 3682 et
657 3622 832 3683 suavissimi
857 3641 964 3683 mores
988 3642 1040 3683 me
1063 3639 1176 3682 sanum
1193 3621 1360 3695 delectent,
1377 3639 1476 3701 quam
1491 3620 1658 3682 infirmum

202 3733 234 3783 et
257 3722 389 3785 adversa
411 3723 590 3786 valetudine
619 3724 818 3787 laborantem
849 3747 900 3787 ars
923 3745 1087 3806 operaque
1109 3724 1216 3787 salvet.
1249 3724 1339 3799 Vale,
1362 3726 1484 3804 optime
1504 3722 1657 3805 Joannes

203 3825 377 3901 Medicinis‚
401 3848 481 3908 quas
505 3829 578 3890 mibi
602 3829 754 3891 adversus
777 3843 899 3909 pestem
923 3833 1041 3903 misisti,
1064 3831 1218 3892 hactenus
1240 3847 1354 3909 parum
1376 3848 1455 3891 usus
1477 3847 1560 3903 sum,
1580 3830 1659 3908 quia

203 3932 271 3992 loca
294 3933 388 3994 nobis
412 3935 514 3995 vicina
536 3933 681 3997 nondum
705 3934 818 3996 inlecta
841 3946 932 4014 peste
956 3935 1095 4008 sueruut;
1127 3953 1211 3996 nunc
1237 3944 1345 3994 autem
1368 3953 1407 3994 ea
1429 3932 1499 3994 lues
1520 3935 1658 3996 circum·

203 4037 282 4096 circa
303 4039 401 4115 serpit
423 4041 530 4116 potius
553 4058 650 4118 quam
673 4041 780 4100 saevit.
804 4039 922 4118 ltaque,
938 4041 962 4100 si
985 4038 1062 4119 quid
1086 4039 1194 4112 habes,
1217 4037 1307 4119 quod
1330 4038 1402 4098 huic
1421 4035 1508 4099 malo
1523 4037 1658 4100 obstare

203 4142 311 4219 possit,
335 4139 438 4215 facite,
462 4161 502 4203 ne
525 4143 601 4204 mihi
632 4164 731 4224 opera
761 4154 815 4204 tua
845 4143 934 4205 desit.
968 4142 1129 4222 Quicquid
1156 4154 1262 4205 autem
1290 4141 1492 4221 impenderis,
1512 4140 1658 4223 Joannes

204 4243 325 4305 ln-llol
344 4245 452 4305 solvet.
477 4245 594 4307 lterum
617 4248 695 4310 vale.
719 4245 770 4308 Ex
795 4245 1015 4324 Hassensteyn
1042 4248 1089 4310 14.
1109 4246 1200 4327 Junii.

289 4431 395 4484 Leliale
413 4433 482 4502 Jana
501 4435 647 4488 Laehuera
672 4435 742 4488 bliie
768 4436 911 4496 neznaime,
930 4433 976 4486 ani
1002 4434 1120 4492 nevime.
1138 4434 1264 4502 posilalli
1283 4432 1470 4486 Bohuslavovi
1490 4432 1555 4502 leky
1574 4434 1592 4485 k
1611 4451 1657 4502 po·

202 4518 300 4571 ladini
314 4519 524 4573 Adelmannovu
540 4521 593 4573 neb
613 4539 655 4575 ne.
674 4523 795 4576 Vroieni
814 4522 877 4574 listu
897 4521 1016 4574 uiindno
1029 4521 1172 4573 vzhledem
1193 4521 1225 4573 ke
1244 4521 1343 4588 zprdve
1357 4537 1373 4572 o
1386 4518 1507 4572 bllllclm
1521 4537 1552 4572 se
1567 4537 1656 4582 moru,

203 4607 278 4658 lrterzi
297 4606 412 4657 nachan
431 4625 460 4659 se
474 4625 490 4658 v
504 4608 601 4661 listeeb
617 4608 695 4661 tetta
711 4611 767 4662 121.
785 4611 860 4677 Jelte
877 4609 958 4676 jeden
978 4608 1024 4661 list
1043 4609 1103 4660 nasi
1116 4608 1208 4676 sblrky
1221 4606 1292 4675 (130)
1305 4608 1475 4661 adressovdn
1491 4606 1547 4674 jest
1560 4607 1656 4661 timui

202 4693 294 4747 letari.
314 4710 330 4744 a
349 4694 450 4746 dloubo
469 4694 524 4762 byli
548 4695 618 4761 jsme
644 4714 679 4748 na
698 4697 814 4757 valraieh,
835 4696 958 4748 lteremu
978 4713 993 4747 z
1012 4695 1084 4748 obou
1104 4695 1247 4762 plisouditi
1272 4694 1385 4763 prioritu
1405 4695 1543 4756 dasovou;
1569 4695 1655 4748 avsalr

203 4781 345 4848 ponevadl
370 4798 387 4831 v
406 4782 520 4833 drube'm
540 4782 610 4849 (100)
635 4784 710 4852 pravi
735 4802 773 4844 se,
793 4782 823 4835 le
843 4784 955 4851 poslani·
981 4783 1044 4850 leky
1062 4783 1184 4835 dlouhou
1209 4781 1300 4834 dobou
1324 4781 1393 4834 snad
1415 4780 1590 4850 pbsobivosti
1609 4799 1655 4850 po·

202 4867 290 4935 zbyly,
310 4869 361 4920 zdd
380 4886 409 4920 se
429 4869 493 4920 nam
513 4869 557 4921 list
577 4877 622 4922 ten
647 4868 704 4938 byti
724 4869 853 4937 pozdljsi
870 4869 971 4936 jaklroli
997 4872 1062 4937 opit
1086 4870 1157 4921 rivod
1176 4870 1309 4921 ulrazoval
1329 4868 1365 4937 by
1384 4869 1401 4920 lr
1420 4867 1554 4920 domnini
1574 4870 1655 4936 opae-

202 4955 293 5007 nemu.
309 4985 339 4992 —
352 4957 402 5023 Jan
415 4954 507 5007 luhuli
523 4974 539 5007 v
554 4956 724 5009 Normberku
744 4956 897 5009 obstaraval
911 4956 999 5008 vilbec
1014 4956 1201 5009 Bohuslavovi
1219 4955 1336 5024 pendini
1355 4954 1508 5008 zalelitosti
1522 4972 1540 5006 v
1553 4955 1653 5008 cirine.

203 5042 310 5106 (Srovn.
329 5042 393 5109 listy
412 5042 453 5103 tls,
472 5043 506 5089 tlt
525 5061 540 5095 a
563 5043 628 5109 100.)

299 5221 408 5228 ——-—

289 5305 315 5369 *l
335 5303 409 5355 Snad
428 5303 499 5356 ideo
