3660 5850
253 370 270 417 rt
924 365 1023 427 1482.

250 582 480 652 confusionem,
497 581 568 641 binc
584 580 774 659 reipublicae
789 599 920 641 causam
936 580 1147 655 offerentium,
1164 581 1234 641 binc
1247 581 1293 641 sui
1310 582 1416 657 ipsius.
1432 579 1504 640 hinc
1519 578 1703 645 amicorum,

251 687 322 747 hinc
345 705 466 755 eorum,
492 705 575 763 quos
598 704 764 764 nunquam
787 687 881 747 novit.
906 683 1112 746 Arbitrareris
1142 688 1291 747 nimirum
1314 685 1457 745 laborem
1482 685 1548 744 eius
1572 683 1614 743 ab
1637 701 1704 742 am·

239 790 404 850 bientiurn
437 789 563 850 fastidio
594 788 668 849 nihil
699 789 877 850 inferiorem
899 807 986 850 esse.
1024 788 1089 852 Sed
1121 789 1199 850 haec
1230 788 1313 849 satis.
1351 786 1402 849 Tu
1434 788 1491 861 fac,
1521 797 1556 849 ut
1587 785 1705 847 adme

253 906 393 955 mentem
417 895 594 972 perscribas
618 906 714 965 tuam,
738 892 815 973 quid
839 911 932 974 agas:
964 892 1042 972 quid
1065 911 1138 955 cum
1170 889 1319 974 (mezera)
1349 894 1512 972 inceperis,
1535 888 1705 970 quomodo

253 1000 306 1059 tibi
331 998 370 1071 id,
393 997 482 1077 quod
505 1017 575 1077 ago,
601 997 730 1076 placeat,
754 996 832 1077 quid
855 997 885 1057 in
902 1015 971 1056 rem
995 1008 1136 1059 nostram
1161 998 1216 1059 tibi
1239 997 1416 1058 consultius
1439 995 1589 1057 videatur.
1615 993 1706 1054 Haec

254 1113 286 1163 et
310 1104 334 1162 si
358 1122 422 1181 qua
445 1102 503 1163 alia
528 1112 637 1163 nostra
660 1104 812 1163 interesse
842 1102 1009 1180 putaveris,
1033 1101 1081 1162 fac
1112 1101 1153 1162 ad
1177 1121 1228 1163 me
1258 1102 1430 1162 certissime
1459 1098 1650 1179 perscribas:
1675 1095 1708 1157 id

254 1208 338 1267 enim
362 1218 486 1284 praeter
502 1207 573 1278 boc,
590 1205 678 1285 quod
695 1204 957 1267 iucundissimum
974 1206 1049 1266 mibi
1066 1207 1165 1279 fuerit,
1182 1209 1277 1268 etiam
1293 1202 1492 1265 conducibile
1509 1222 1567 1281 pro
1583 1201 1707 1280 coeptis

256 1312 371 1371 nostris
393 1311 460 1370 erit.
484 1309 586 1371 Patria
610 1321 719 1371 nostra
742 1329 821 1371 sano
846 1308 974 1388 quidem
1006 1318 1078 1371 aere
1101 1313 1200 1391 gratia
1232 1311 1462 1389 omnipotentis
1485 1307 1544 1368 Dei
1567 1306 1707 1379 fruimur,

255 1413 412 1475 frumenta
435 1425 466 1475 et
484 1417 554 1474 vina
570 1414 664 1476 solito
688 1416 807 1475 cariora
823 1412 960 1475 reddidit
983 1416 1094 1475 tritura
1109 1425 1140 1475 et
1158 1414 1316 1475 vindemia
1340 1431 1453 1491 parum
1469 1411 1567 1472 ferax.
1590 1409 1706 1471 Pacem

256 1528 398 1579 nostram
423 1521 595 1595 imperator
617 1517 767 1579 solicitat:
796 1517 954 1579 mandatis
977 1520 1094 1579 etenim
1118 1518 1299 1580 arctissimis
1327 1535 1440 1579 omnes
1470 1516 1602 1594 imperio
1633 1515 1708 1574 sub·

257 1621 342 1683 ditos
366 1621 515 1682 adversus
539 1621 744 1702 Ungarorum
760 1639 867 1703 regem
891 1641 1005 1702 cogere
1028 1621 1201 1683 contendit.
1225 1621 1305 1682 item
1328 1639 1400 1682 curn
1418 1618 1578 1699 republica
1592 1615 1709 1679 Thuri-

256 1728 398 1786 censium
422 1746 486 1787 non
511 1728 643 1787 omnino
660 1727 780 1786 sincera
803 1727 897 1787 nobis
912 1737 960 1787 est
983 1727 1127 1786 amicitia.
1150 1724 1239 1787 Abiit
1254 1724 1351 1786 bodie
1367 1735 1456 1803 pater
1480 1740 1570 1783 meus
1585 1722 1709 1803 legatus

256 1850 315 1909 pro
338 1830 502 1907 republica
525 1840 643 1903 notra,
668 1840 765 1909 atque
789 1839 822 1890 ut
845 1831 1099 1909 obsequerentur
1122 1830 1233 1904 nobis;
1263 1849 1327 1891 una
1350 1829 1481 1907 profecti
1512 1837 1586 1890 sunt
1617 1825 1711 1907 legati

258 1931 408 2011 episcopi
423 1932 672 2014 Argentinensis,
696 1932 786 1993 ducis
803 1932 960 2007 Austriae,
984 1933 1073 1994 ducis
1096 1933 1335 2016 lothoringiae,
1359 1931 1500 2010 episcopi
1524 1929 1712 2001 basiliensis,

256 2037 449 2115 reipublicae
485 2036 672 2110 Basiliensis
703 2023 975 2100 Columbariensis
1005 2048 1036 2098 et
1059 2048 1235 2098 ceterarum
1266 2038 1426 2098 civitatum
1458 2032 1583 2114 speciali
1618 2034 1712 2093 nobis

258 2139 386 2201 foedere
410 2142 598 2214 iunctarum,
621 2140 662 2201 ad
691 2140 811 2222 reliqua
840 2153 965 2220 septem
996 2144 1243 2214 coniuratorum,
1274 2160 1357 2221 quos
1387 2138 1556 2202 Sulcenses
1587 2147 1712 2207 vocant,

259 2246 371 2324 capita,
401 2245 634 2322 expostulaturi
664 2247 809 2306 iniuriam
841 2248 956 2306 nostris
987 2267 1006 2306 a
1035 2245 1284 2307 Thuricensibus
1314 2245 1439 2306 factam¹
1477 2240 1602 2321 Quodsi
1638 2238 1711 2301 nihil

262 2349 463 2426 profecerint,
487 2367 605 2418 vereor,
628 2367 669 2408 ne
691 2348 873 2427 rumpendo
903 2361 968 2410 tarn
991 2348 1104 2430 grandi
1134 2348 1262 2409 foedere
1285 2368 1381 2409 causa
1411 2350 1473 2408 iam
1496 2347 1535 2406 sit
1558 2343 1712 2416 conflata,

260 2452 317 2512 sed
342 2451 523 2513 turbulenta
546 2464 690 2513 monstra
714 2455 761 2513 his
783 2456 844 2515 sint
867 2453 1152 2527 mansuefacienda‚
1176 2456 1230 2532 qui
1245 2453 1341 2515 seculi
1366 2450 1552 2513 furibundas
1574 2451 1713 2510 rationes

265 2567 349 2617 certo
373 2555 506 2617 credunt
530 2558 678 2617 examine
705 2559 769 2639 regi
792 2577 898 2636 posse.
933 2558 968 2618 ld
985 2577 1061 2619 sane
1085 2576 1158 2619 cum
1182 2558 1248 2618 fieri
1272 2567 1418 2637 nequeat,
1442 2575 1502 2616 nos
1525 2553 1713 2615 studeamus

265 2657 387 2741 (quoad
410 2662 478 2720 eius
509 2661 574 2721 fieri
605 2659 734 2744 poterit)
766 2662 929 2723 meliorem
960 2674 1083 2740 partem
1113 2662 1233 2723 Mariae
1263 2663 1384 2732 imitari,
1415 2673 1450 2720 ut
1479 2658 1520 2719 ad
1551 2677 1597 2731 ea,
1630 2676 1712 2736 quae

263 2763 469 2845 diligentibus
492 2785 526 2827 se
549 2765 637 2826 Deus
659 2767 811 2843 promisit,
843 2766 1049 2844 adipiscenda
1080 2766 1165 2847 digni
1200 2769 1318 2826 censeri
1349 2782 1536 2825 mereamur.
1567 2761 1658 2823 Vale.
1681 2758 1714 2823 Si

263 2870 368 2930 literas
392 2867 433 2928 ad
458 2868 643 2930 lleinricum
670 2868 701 2931 S.
724 2868 854 2952 Georgii
885 2870 1050 2932 Bononiae
1080 2872 1293 2931 tabernarium
1325 2872 1438 2942 mittas
1468 2866 1566 2929 credo
1597 2864 1639 2926 ad
1663 2883 1715 2924 me

262 2973 498 3034 transferentur.
537 2972 602 3034 Fac
624 2974 729 3035 literas
752 2993 884 3055 graecas
906 2985 937 3035 et
968 2977 1081 3036 latinas
1104 2974 1270 3055 diligenter
1293 2975 1470 3054 investiges,
1500 2970 1606 3032 videre
1629 2972 1715 3030 enim

264 3076 374 3137 videor
397 3076 516 3156 aliquid
540 3077 617 3138 boni
639 3077 713 3138 inde
736 3098 797 3139 nos
819 3080 1029 3140 confecturos.
1060 3080 1216 3157 Imprimis
1237 3077 1343 3139 Deum
1367 3096 1447 3151 ama,
1469 3078 1558 3136 cuius
1581 3076 1715 3156 gratiam

262 3200 335 3241 curn
371 3192 564 3242 consecutus
603 3182 705 3253 fueris,
744 3181 865 3261 reliqua
903 3183 1214 3244 munificentissimus
1256 3181 1352 3242 dabit.
1390 3180 1566 3241 Dominum
1606 3195 1713 3238 meum

264 3285 303 3345 f).
320 3283 505 3346 Ladislaum
528 3305 570 3346 ex
587 3304 637 3345 me
653 3286 772 3347 salvere
795 3289 870 3347 iube
886 3299 918 3349 et
933 3287 1080 3365 reliquos,
1104 3289 1226 3365 quinte
1243 3298 1388 3346 noscunt.
1412 3285 1521 3345 Firmo
1537 3286 1579 3344 sis
1594 3284 1712 3356 animo,

264 3390 312 3450 fac
335 3388 440 3450 Deum
464 3400 499 3450 ut
521 3408 610 3451 ames
633 3392 755 3464 nitaris,
779 3391 874 3452 literis
896 3402 987 3452 tanto
1011 3390 1190 3471 diligentius
1213 3388 1387 3470 indulgeas,
1412 3400 1534 3467 quanto
1550 3386 1592 3447 ad
1617 3387 1716 3448 beati-

267 3512 357 3553 orem
379 3495 474 3553 vitam
499 3506 573 3555 sunt
594 3495 868 3556 conducibiliores
892 3493 972 3567 Cito,
996 3496 1021 3555 si
1044 3513 1096 3555 me
1118 3514 1216 3567 amas,
1239 3493 1385 3555 rescribe.

351 3663 438 3715 lelra
456 3662 546 3716 lisskd
565 3682 577 3714 s
592 3664 692 3717 krdlem
715 3665 859 3717 blatiaisem
876 3665 1042 3732 uherskym,
1061 3683 1078 3715 v
1091 3664 1155 3716 listu
1169 3663 1310 3725 oldsseni,
1329 3659 1564 3730 vypuklar.1tu2
1583 3658 1717 3726 (Palack)i

263 3749 305 3811 V.,
329 3750 349 3812 l,
367 3749 436 3815 atil).
466 3749 587 3803 Vrodenf
613 3751 747 3818 poloieno
772 3752 916 3804 vzhledem
941 3752 1034 3804 liteto
1053 3751 1169 3804 naraice
1189 3768 1205 3803 a
1224 3750 1369 3803 vzhledem
1398 3748 1431 3800 lte
1449 3749 1558 3816 aprime,
1578 3746 1609 3799 ie
1629 3745 1717 3813 knihy

265 3837 382 3889 Schotta
398 3835 435 3904 jii
454 3837 542 3905 dotly.

976 4016 1007 4078 4.

694 4153 793 4225 Petr
821 4151 970 4224 Schott
997 4151 1298 4225 Bohuslavovi.

351 4305 398 4371 (Ze
417 4288 581 4362 §trasburtu
601 4307 666 4362 1482
687 4337 715 4344 -
737 4322 771 4362 na
789 4304 921 4375 pudfilltu).
950 4307 1051 4359 literali
1071 4306 1142 4359 ulekl
1162 4323 1201 4368 se,
1220 4304 1348 4372 dovldaje
1367 4322 1398 4356 se
1416 4319 1431 4355 z
1446 4303 1510 4355 listu
1530 4301 1617 4353 lmeze
1637 4301 1721 4354 Ladi-

266 4393 351 4451 slava,
371 4391 401 4443 le
421 4392 561 4445 Bohuslav
580 4395 669 4445 stilne.
700 4392 791 4445 Douffi
810 4392 922 4445 vbrzke
946 4392 1095 4445 uzdravenl
1114 4410 1131 4445 a
1149 4393 1218 4445 tela
1243 4393 1345 4460 zpravy
1369 4398 1471 4443 otom.
1503 4386 1637 4456 Vypisuje
1659 4387 1720 4454 svdj

266 4478 341 4531 iivot
360 4478 470 4530 domtlci
490 4497 506 4530 a
524 4478 593 4531 iada
613 4478 698 4547 knihy
717 4483 807 4531 vnove
827 4480 913 4547 vysle.
933 4481 1044 4544 (Schott
1064 4480 1081 4532 f.
1101 4479 1170 4544 1οῐ.)

354 4636 464 4697 Petrus
487 4636 640 4700 Schottus
663 4638 833 4720 magnifico
856 4640 922 4699 viro
946 4636 1080 4700 domin‘o
1104 4639 1267 4700 Bolmslao
1291 4638 1331 4698 de
1357 4637 1567 4697 Hassenstein
1590 4654 1614 4695 s.
1637 4655 1666 4713 p.
1690 4634 1722 4694 d.

266 4739 364 4820 Quod
381 4760 446 4801 non
462 4743 537 4801 satis
554 4742 664 4803 firmus
680 4743 783 4817 fueris,
799 4742 888 4822 quod
905 4743 945 4803 ad
963 4763 1014 4803 me
1030 4744 1151 4822 scripsit
1168 4743 1344 4816 ladislaus
1360 4742 1529 4820 presbyter
1545 4736 1723 4817 Vesprimi-

266 4845 373 4905 nensis
393 4841 471 4921 (sic),
497 4846 538 4905 ita
556 4864 606 4906 ine
630 4847 840 4920 conturbavit,
864 4857 899 4907 ut
915 4848 1023 4927 legens
1048 4866 1131 4924 pene
1148 4849 1349 4907 exanimatus
1372 4842 1585 4905 conciderem
1609 4839 1664 4901 Ab
1680 4860 1721 4902 eo

267 4949 352 5009 enim
376 4957 529 5026 tempore,
561 4969 626 5028 quo
649 4969 701 5011 me
725 4953 754 5011 in
779 4951 1020 5012 familiaritatem
1052 4955 1204 5012 acriorem
1236 4950 1396 5022 admisisti,
1427 4966 1510 5027 quae
1542 4945 1599 5007 tibi
1623 4946 1723 5005 obve-

269 5053 380 5122 nerint,
405 5070 470 5110 non
495 5053 584 5113 aliter
607 5053 739 5116 iudicavi
762 5066 860 5134 atque
883 5074 962 5115 mea.
989 5056 1108 5116 l'erum
1133 5076 1228 5133 spero
1252 5055 1489 5115 clementiorem
1513 5050 1621 5112 Deum
1645 5051 1724 5109 iam·

268 5154 392 5234 pridem
411 5167 442 5216 te
457 5158 550 5216 nobis
566 5157 715 5218 reducem
730 5160 910 5232 restituisse,
934 5159 1007 5219 ideo
1027 5179 1066 5220 ne
1083 5161 1217 5220 verbum
1240 5158 1370 5239 quidem
1386 5156 1512 5216 addam.
1537 5153 1723 5232 Quaternas

269 5259 310 5322 ad
335 5271 366 5323 te
396 5261 459 5321 iam
491 5261 595 5321 literas
625 5264 812 5336 scribebam,
843 5282 979 5343 quarum
1011 5283 1076 5324 non
1109 5266 1165 5324 nisi
1200 5266 1316 5342 primas
1347 5262 1388 5323 ad
1420 5273 1450 5321 tc
1482 5258 1620 5337 perlatas
1651 5276 1724 5319 esse
