3660 5850
858 384 964 446 1505.
1597 389 1647 442 147

194 594 359 647 nedostaviv
383 613 413 648 se
430 595 456 649 4.
475 596 578 649 dervna
603 593 671 647 1501
689 596 706 648 k
724 595 813 647 soudu
836 596 996 650 zemslremu
1020 615 1054 650 ve
1077 597 1124 650 sve
1150 598 1190 666 pli
1210 617 1223 651 s
1241 599 1422 667 Loketsky‘mi
1446 600 1586 652 odsouzen
1612 616 1646 651 co

192 680 303 748 zbojnik
323 683 437 751 zemslry'
455 683 586 751 (Palacky'
604 684 637 745 V,
656 682 680 745 2,
701 680 755 749 75).
774 682 835 735 List
853 690 932 736 tento
950 683 1037 737 urdite
1056 684 1196 753 datovany
1215 685 1340 738 klademe
1359 701 1392 738 za
1410 687 1489 754 prvni
1507 686 1565 738 cele
1579 687 1646 754 lady

193 768 292 837 dopisb
312 770 546 838 Bohuslavovych
566 770 582 823 k
602 769 720 832 Pibrovi,
745 768 894 838 tyliajlclch
913 788 944 824 se
963 770 1024 824 vici
1044 771 1128 825 velmi
1147 771 1281 825 zahadne.
1308 773 1426 826 Seraditi
1446 772 1563 826 nalelite
1583 773 1646 841 listy

192 864 222 925 ty
238 856 293 923 jest
312 857 395 910 velmi
415 859 568 923 nesnadno,
587 857 730 927 ponevadl
749 856 834 910 doble
852 859 972 919 nevlme,
993 859 1026 911 od
1047 858 1147 911 obema
1164 859 1298 926 pl‘rlteldm
1318 860 1367 921 llo,
1386 877 1402 912 a
1412 858 1508 928 jediny'
1526 859 1571 913 list
1589 860 1646 913 teto

191 943 260 1011 lady
279 943 405 1011 posledni
425 945 523 1012 ·psany'
542 942 584 996 30.
604 944 705 998 kvetna
724 942 802 1013 1500)
821 945 898 997 lrrom
918 944 1037 997 naraielr
1055 944 1216 1014 tajemny'ch
1242 944 1375 1013 obsahuje
1400 946 1523 1016 naralky,
1544 948 1645 1000 dasove

170 1030 325 1098 ,orditejsl
345 1032 368 1083 O
387 1031 530 1084 adressatu
550 1048 642 1085 srovn.
660 1031 706 1084 list
724 1029 758 1084 37
775 1032 879 1100 vydanl
898 1033 1012 1086 nabebo,

889 1419 958 1483 111.

491 1573 711 1648 Bohuslav
739 1573 979 1671 Augustinu
1009 1574 1358 1650 Olomouckemu.

279 1760 467 1839 zttaslitrlna
485 1780 578 1850 (1505)
592 1811 625 1820 -
637 1781 665 1835 2.
683 1779 778 1837 (lubun.
797 1780 890 1833 Posilrl
909 1781 1043 1834 nemeclre
1062 1781 1144 1834 znenl
1162 1781 1235 1845 listu,
1254 1782 1332 1851 lrtery
1350 1763 1645 1850 11γ1111ω111111οω

192 1870 380 1938 Kadallslry'm,
394 1868 522 1922 vetsinou
542 1869 688 1931 NEmcdm,
706 1868 801 1937 poslal,
815 1869 889 1937 prosi
903 1871 981 1938 svy'm
995 1886 1012 1921 a
1024 1867 1182 1936 bratrovym
1199 1867 1332 1935 jmenem.
1350 1867 1426 1921 Tale
1439 1867 1500 1937 peti
1513 1885 1530 1920 ο
1543 1868 1645 1938 dluiny¹

192 1955 259 2010 sobe
278 1957 335 2026 plat
346 1957 400 2009 nali
413 1956 529 2010 vzlrllda
542 1973 558 2008 a
571 1954 667 2023 slibuje
686 1955 830 2009 vdetnost.
849 1955 959 2009 Ostatnl
973 1957 1018 2009 ma
1032 1956 1112 2008 tsine
1130 1955 1241 2024 vyliditi
1259 1954 1401 2010 slulebnllr
1411 1955 1478 2023 jeho
1492 1955 1644 2011 Frantisek.
1692 2008 1698 2031 ,

192 2031 255 2098 dise
271 2043 338 2112 jeho
357 2042 440 2111 (jemu
460 2044 495 2096 od
514 2043 673 2097 Bohuslava
691 2043 841 2111 darovana)
857 2042 912 2110 jest
930 2044 979 2111 pry'
998 2059 1015 2094 v
1033 2043 1127 2095 Praze.
1146 2043 1224 2109 (Luc.
1244 2041 1334 2111 1011.)

278 2272 421 2335 Domino
451 2271 634 2355 Augustino
666 2271 801 2334 Moravo
833 2271 1042 2334 Olomucensi
1072 2274 1161 2355 regio
1191 2275 1362 2335 secretario
1389 2293 1412 2334 5.
1436 2292 1465 2352 p.
1490 2272 1520 2334 d.
1558 2271 1643 2353 Quid

191 2378 295 2451 velim,
325 2376 514 2459 Augustine,
537 2396 580 2437 ex
603 2376 756 2439 schedula
786 2375 941 2456 epistolae
970 2376 1092 2438 inclusa
1122 2375 1211 2439 facile
1238 2396 1432 2459 cognoscere
1459 2379 1586 2458 poteris.
1610 2376 1644 2440 Si

191 2485 276 2543 enim
300 2503 319 2542 a
342 2483 442 2564 Regia
466 2479 634 2544 Maiestate
661 2482 769 2543 literae
798 2481 861 2543 hoc
884 2481 1036 2561 exemplo
1059 2480 1101 2543 ad
1134 2478 1340 2545 Cadanenses
1369 2481 1538 2558 dabuntur,
1569 2502 1643 2562 spes

191 2596 239 2648 est
264 2606 347 2665 pene
369 2598 454 2649 certa
477 2605 544 2661 nos,
568 2605 651 2665 quae
681 2588 836 2665 cupimus,
868 2604 965 2663 posse
994 2586 1161 2665 tranquille
1184 2588 1345 2666 consequi.
1380 2586 1465 2648 Nam
1488 2587 1643 2649 hactenus

191 2710 242 2752 res
265 2693 309 2753 ob
332 2691 364 2752 id
387 2691 483 2753 dilata
512 2702 568 2764 est,
600 2689 689 2771 quod
718 2689 832 2771 vulgus
864 2691 969 2770 ipsum
999 2691 1112 2752 maiori
1136 2710 1177 2751 ex
1200 2701 1290 2769 parte
1320 2691 1446 2774 linguae
1476 2693 1643 2754 boemicae

189 2798 335 2878 ignarum
367 2808 416 2858 est
446 2815 552 2875 neque
581 2797 667 2878 regia
698 2793 850 2856 mandata
880 2793 1055 2856 commode
1085 2794 1238 2878 intelligit,
1267 2806 1365 2875 atque
1394 2795 1511 2858 idcirco
1542 2798 1644 2879 magis

189 2899 316 2961 dubitat
347 2919 459 2979 parere
489 2918 587 2978 quam
618 2909 749 2973 recusat,
784 2918 971 2978 precorque,
1001 2897 1190 2981 Augustino,
1220 2911 1256 2961 ut
1285 2901 1361 2961 mihi
1391 2900 1540 2980 fratrique
1567 2919 1642 2962 meo

189 3003 317 3066 solitam
341 3023 473 3084 operam
496 3022 601 3065 naves
633 3003 748 3084 Neque
779 3005 952 3083 quicquam
983 3003 1159 3065 absurdum
1190 3004 1397 3083 postulamus
1426 3003 1484 3066 sed
1506 3004 1642 3066 aliorum

187 3109 335 3188 periculis
357 3109 462 3171 edocti
485 3110 588 3185 nobis,
611 3120 768 3188 quantum
791 3107 857 3168 fieri
880 3120 998 3187 posset,
1029 3108 1194 3170 consulere
1225 3107 1385 3171 vellemus.
1421 3108 1535 3189 Neque
1557 3128 1642 3170 nunc

187 3215 302 3287 scrib0,
326 3227 481 3294 quantum
504 3214 560 3275 tibi
583 3213 721 3275 debituri
744 3215 843 3275 simus
873 3232 1011 3292 quamve
1038 3216 1172 3296 gratiam
1203 3213 1337 3287 relaturi,
1368 3215 1521 3292 quoniam
1551 3224 1584 3274 et
1606 3223 1641 3274 tu

187 3318 372 3380 huiusmodi
395 3318 620 3380 blandimentis
635 3318 756 3379 offendi
778 3317 902 3392 videris,
918 3328 950 3379 et
965 3337 1025 3381 nos
1041 3337 1139 3397 opere
1161 3320 1263 3399 magis
1285 3336 1384 3397 quam
1406 3318 1511 3380 verbis
1534 3328 1642 3379 tecum

187 3442 285 3505 agere
307 3424 537 3485 constituimus.
561 3420 659 3500 Quod
676 3421 717 3482 ad
733 3422 849 3500 stipem
872 3440 978 3483 meam
994 3423 1114 3495 attinet,
1137 3424 1246 3500 scripsi
1263 3424 1377 3483 iterum
1399 3420 1520 3503 Regiae
1543 3420 1641 3483 Maie-

186 3529 269 3589 stati.
293 3526 356 3590 Eas
371 3527 476 3589 literas
499 3528 568 3605 ipse
577 3522 600 3608 ¹)
624 3525 741 3588 reddes
764 3525 921 3606 dabisque
943 3544 1085 3605 operam,
1108 3538 1143 3589 ut
1158 3526 1289 3588 tandem
1313 3525 1486 3607 aliquando
1508 3529 1641 3589 remotis

186 3633 380 3714 ambagibus
402 3632 477 3693 mihi
502 3629 641 3694 satisfiat.
666 3630 749 3691 Nam
766 3632 890 3692 etiarnsi
912 3633 1047 3710 pecunia
1070 3631 1268 3710 quandoque
1291 3633 1421 3694 forsitan
1449 3631 1559 3705 aderit,
1582 3633 1640 3693 nisi

186 3756 320 3798 causam
350 3755 457 3797 meam
495 3735 581 3816 apud
612 3735 746 3818 Regiam
785 3734 987 3797 Maiestatem
1023 3734 1198 3797 identidem
1231 3737 1341 3818 egeris,
1372 3737 1459 3816 prius
1489 3735 1531 3798 ad
1562 3735 1642 3798 alios

185 3859 286 3921 quam
303 3841 344 3902 ad
360 3860 412 3901 me
435 3840 531 3922 longe
554 3839 725 3902 distantem
749 3841 920 3918 perveniet.
943 3837 1077 3901 Caetera
1096 3840 1156 3902 tibi
1176 3839 1365 3902 Franciscus
1387 3860 1497 3902 coram
1520 3841 1641 3914 releret,

185 3947 246 4021 cui,
265 3944 417 4025 quicquid
433 3946 657 4023 impraesentia
671 3955 779 4006 tecum
795 3947 926 4006 nomine
943 3964 1016 4006 meo
1032 3943 1189 4024 loquetur,
1206 3942 1303 4005 fidem
1320 3946 1446 4007 habeto.
1471 3941 1640 4031 cyphus2)

186 4061 263 4112 tuus
285 4049 406 4131 Pragae
429 4059 494 4124 est,
517 4050 621 4111 timuit
643 4050 728 4109 enim
752 4047 890 4128 pericula
912 4051 1042 4122 viarum,
1065 4059 1162 4128 atque
1185 4048 1259 4110 ideo
1284 4047 1459 4130 Ungariam
1483 4048 1641 4129 proficisci

186 4152 298 4215 noluit.
321 4151 408 4232 Quid
431 4172 474 4214 ex
497 4171 537 4213 eo
554 4151 620 4214 fieri
643 4152 795 4232 deinceps
817 4151 901 4227 velis,
924 4152 1095 4215 Francisco
1118 4154 1290 4215 committe.
1315 4152 1406 4215 Vale.
1430 4152 1482 4215 Ex
1498 4153 1640 4215 Hassen-

185 4268 283 4336 steyn
305 4255 424 4335 Aprilis
446 4257 474 4319 2.

276 4495 465 4550 Ozalelitosti
483 4494 630 4548 Kadallske
643 4496 702 4563 psal
714 4494 760 4563 byl
771 4493 808 4563 jil
821 4495 962 4548 Bohuslav
982 4481 1138 4557 Slechtovi3
1157 4512 1248 4548 srovn.
1262 4494 1309 4549 list
1323 4493 1380 4549 107.
1400 4496 1480 4564 Novy'
1496 4495 1639 4549 slulebnlk

183 4601 222 4654 po
234 4581 410 4637 neboltilrovi
429 4581 570 4636 Lukalsovi
589 4582 640 4635 zde
653 4581 756 4650 poprve
775 4581 941 4651 vystupujlcl
960 4581 1012 4634 slul
1030 4582 1112 4649 riplne
1131 4581 1276 4635 Frantiselr
1296 4583 1460 4638 Schneittel.
1478 4570 1550 4646 (lise,
1563 4600 1580 4635 o
1595 4582 1638 4635 nli

184 4688 223 4724 na
242 4670 325 4722 konci
344 4669 408 4722 listu
427 4669 484 4723 tint
502 4687 532 4722 se
550 4669 669 4732 zmlnka,
686 4667 741 4736 jest
759 4671 855 4737 patrue
874 4670 957 4722 dlrrek
976 4667 1161 4736 Augustinovi
1180 4670 1293 4737 urdeny'.

184 5126 307 5133 -.—-..—-
316 5125 370 5131 ---
386 5124 394 5131 ο

227 5217 230 5221 ’
279 5225 296 5291 ¹)
315 5224 390 5278 Snad
410 5225 470 5294 ipsi.

275 5312 296 5381 ²)
313 5312 374 5365 Talr
391 5330 409 5365 u
429 5311 521 5366 Mitisa
539 5312 623 5365 vsade
642 5310 726 5364 misto
744 5313 874 5380 scyphus.
