3660 5850
869 403 960 469 148⁷.
1612 401 1644 464 rt

184 620 290 681 literas
314 619 407 682 dedi:
431 640 621 701 quanquam¹
641 640 682 682 ex
705 623 766 682 tuis
787 623 955 699 postremis
977 622 1072 684 literis
1095 622 1235 684 intellexi
1254 622 1445 706 negligentia
1469 621 1644 684 Bernhardi

186 727 248 785 mei
271 722 467 786 Adelmanni
490 726 607 787 factum
632 745 711 800 esse,
735 738 770 787 ut
793 746 833 787 ne
857 726 926 788 illae
950 726 1082 806 quidem
1112 727 1153 789 ad
1177 739 1209 788 te
1232 729 1440 806 pervenerint.
1480 725 1578 805 Quod
1603 746 1643 787 eo

186 829 262 888 mihi
282 830 447 890 molestius
464 830 529 902 fuit,
552 831 706 909 quoniam
730 833 760 891 in
784 831 829 891 eis
845 850 976 891 omnem
999 832 1082 893 vitae
1106 850 1197 893 meae
1212 831 1429 893 conditionem
1452 831 1642 910 complexus

185 951 265 991 sum.
289 928 459 994 Caeterum
483 934 509 993 si
525 952 697 995 succenses
719 933 833 1006 solum,
850 954 916 1002 non
939 945 987 996 est
1003 954 1059 996 cur
1081 955 1175 1017 aegre
1196 935 1312 997 feram:
1336 938 1383 996 sin
1406 946 1515 996 autem
1538 954 1643 995 meam

185 1055 259 1116 erga
282 1051 314 1098 te
338 1037 594 1099 benevolentiam
617 1056 682 1098 non
706 1037 779 1099 dico
803 1041 978 1099 extinctam
1001 1037 1060 1099 sed
1083 1038 1178 1117 plane
1200 1041 1402 1101 imminutam
1425 1049 1527 1117 putas
1551 1039 1645 1100 vehe-

186 1152 310 1201 menter
325 1142 450 1220 iniquus
465 1160 508 1202 es.
530 1141 726 1223 Jampn'dem
737 1145 821 1203 enim
838 1152 869 1203 te
885 1161 982 1204 nosse
999 1143 1179 1222 oportebat,
1203 1142 1325 1204 radices
1341 1144 1499 1205 amicitiae
1515 1155 1643 1206 nostrae

185 1244 279 1305 altius
302 1245 372 1306 solo
395 1245 564 1320 inhaerere,
598 1265 697 1327 quam
720 1257 755 1308 ut
779 1246 849 1308 ullis
873 1245 1019 1308 fortunae
1041 1247 1222 1309 turbinibus
1245 1245 1378 1308 convelli
1402 1248 1543 1327 possint:
1567 1249 1644 1326 quin

186 1350 211 1408 si
236 1349 293 1409 tibi
316 1361 391 1411 ante
414 1350 525 1411 oculos
548 1370 641 1412 curas
664 1350 948 1431 solicitudinesque
972 1369 1061 1411 meas
1085 1368 1207 1428 ponere
1230 1368 1370 1429 possem,
1393 1351 1549 1412 mirareris
1571 1369 1644 1430 pro-

186 1453 269 1515 fecto
293 1465 417 1515 tantum
442 1455 524 1516 mihi
542 1456 597 1516 otii
620 1473 798 1532 superesse,
824 1466 857 1517 ut
881 1454 961 1517 hacc
983 1454 1026 1516 ad
1050 1463 1082 1515 te
1105 1455 1243 1516 scribere
1266 1456 1436 1534 potuerim.
1460 1453 1535 1515 Noli
1558 1455 1642 1516 enim

186 1559 367 1618 existimare
397 1578 449 1619 me
480 1559 644 1620 rhetorum
675 1571 706 1620 et
737 1578 858 1632 eorum,
890 1561 945 1638 qui
975 1559 1016 1621 de
1046 1559 1208 1638 republica
1238 1560 1437 1639 scripserunt,
1468 1560 1644 1638 praeceptis

186 1680 307 1735 vacare,
331 1673 430 1742 atque
453 1674 487 1724 ut
516 1674 550 1724 tu
574 1682 626 1723 me
650 1663 780 1724 forsitan
808 1663 910 1724 facere
937 1663 1040 1737 velles,
1070 1682 1198 1724 movere
1226 1663 1360 1724 affectus
1387 1674 1419 1724 et
1441 1663 1565 1724 animos
1589 1662 1645 1723 ho-

185 1766 306 1826 minum
330 1777 385 1827 aut
408 1766 449 1827 ad
473 1769 633 1845 pietatem,
666 1769 905 1841 continentiam,
940 1767 1143 1841 modestiam,
1175 1767 1391 1848 iustitiamque
1421 1768 1560 1841 incitare,
1591 1777 1645 1829 aut

186 1870 228 1930 ab
252 1872 503 1947 intemperantia,
528 1871 665 1945 libidine,
681 1873 809 1933 avaritia
824 1869 1076 1951 crudelitateque
1100 1871 1266 1932 deterrere.
1291 1870 1382 1950 Quae
1398 1871 1508 1950 utique
1531 1870 1644 1932 tolera-

187 1972 260 2034 bilia
276 1985 390 2048 essent,
406 1985 438 2035 et
450 1974 562 2037 studiis
578 1978 658 2038 meis
669 1987 767 2056 atque
783 1976 980 2055 professione
997 1995 1062 2036 non
1075 1976 1221 2057 indigna;
1237 1993 1348 2036 verum
1365 1992 1431 2034 rem
1447 1973 1642 2048 familiarem,

186 2099 204 2138 a
229 2097 292 2156 qua
315 2098 441 2157 semper
464 2080 620 2155 abhorrui,
644 2099 743 2162 cogor
765 2100 883 2154 curare,
906 2081 1012 2158 partiri
1035 2082 1114 2140 inter
1141 2079 1260 2141 villicos
1283 2078 1395 2153 officia,
1419 2079 1640 2157 praescribere,

188 2183 266 2262 quid
289 2202 555 2263 unumquemque
578 2185 681 2246 facere
700 2185 802 2257 velim,
826 2184 944 2260 audire,
970 2183 1047 2265 quid
1063 2195 1233 2263 acceptum
1256 2201 1502 2263 expensumque
1525 2183 1641 2258 ferant;

188 2286 248 2346 bos
270 2288 372 2362 messi,
396 2288 475 2349 alios
498 2288 679 2361 foeniseci0,
710 2289 780 2350 illos
802 2289 989 2364 vindemiae,
1020 2289 1099 2351 alios
1125 2290 1279 2369 pecuariis
1309 2286 1495 2366 praeficere;
1525 2288 1640 2361 videre,

188 2408 228 2451 ue
261 2393 291 2451 in
315 2393 400 2452 curia
434 2412 546 2453 eorum
581 2405 727 2454 arescant
751 2405 849 2472 prata,
884 2394 1080 2455 sterilescant
1114 2404 1247 2474 segetes,
1282 2411 1322 2453 ne
1344 2391 1465 2466 arandi,
1498 2391 1641 2466 occandi,

188 2495 348 2569 sarriendi,
372 2497 527 2558 runcandi
543 2507 690 2575 tempora
708 2510 856 2575 pereant,
875 2498 987 2579 jubere
1005 2498 1072 2581 (ubi
1088 2517 1138 2558 res
1155 2493 1309 2578 postulat)
1324 2498 1437 2575 putari,
1461 2496 1642 2576 ablaqueari

187 2601 430 2679 pampinarique
445 2603 561 2676 vineas,
586 2616 619 2662 ut
635 2604 711 2663 mihi
735 2603 865 2665 tandem
881 2616 1009 2682 praeter
1031 2604 1221 2664 sententiam
1238 2620 1344 2662 meam
1367 2601 1495 2661 minime
1512 2620 1643 2679 operam

187 2703 363 2781 perdidisse
393 2704 509 2777 videar,
544 2706 633 2784 quod
664 2703 830 2780 Catonern,
865 2706 1048 2768 Varronem
1081 2717 1113 2767 et
1144 2716 1288 2768 caeteros
1318 2726 1424 2768 rerum
1456 2708 1643 2767 rusticarum

188 2809 357 2886 scriptores
381 2807 518 2891 legerim.
558 2809 672 2889 Neque
695 2809 775 2870 baec
805 2811 860 2871 tibi
890 2809 1022 2872 ridicula
1051 2809 1227 2883 videantur,
1259 2812 1420 2890 quoniam,
1451 2822 1487 2872 ut
1514 2811 1556 2871 ait
1585 2809 1643 2883 ille,

189 2910 372 2991 hujusmodi
395 2912 541 2975 homines
565 2915 695 2974 minime
719 2912 801 2974 male
824 2915 1001 2995 cogitantes
1024 2925 1106 2976 sunt.
1130 2913 1256 2993 Quodsi
1272 2914 1410 2986 adesses,
1434 2924 1465 2974 et
1489 2933 1541 2974 me
1565 2916 1644 2975 inter

187 3014 318 3092 Tityros
341 3013 597 3097 Corydonesque
621 3037 712 3078 meos
735 3017 965 3099 diligentissimi
989 3017 1221 3096 patrisfamilias
1244 3037 1360 3080 munus
1379 3019 1468 3079 obire
1491 3036 1643 3091 cerneres,

186 3119 385 3182 exclamares
407 3122 570 3199 profecto:

498 3275 529 3340 O
553 3278 731 3340 fortunatos
754 3279 894 3349 minium,
919 3278 1006 3339 bona
1028 3279 1054 3340 si
1076 3297 1134 3340 sua
1158 3281 1271 3352 norint,

499 3380 674 3464 Agricolas,
697 3383 814 3463 quibus
836 3384 904 3461 ipsa
927 3382 1041 3461 procul
1064 3382 1268 3445 discordibus
1291 3384 1386 3444 armis

499 3486 620 3549 Fundit
642 3488 741 3548 humo
765 3488 887 3549 facilem
911 3490 1029 3550 victum
1053 3489 1223 3549 iustissima
1246 3487 1346 3560 telluS,

188 3652 219 3703 et
236 3642 366 3721 reliqua,
382 3662 465 3722 quae
481 3654 577 3722 poeta
592 3641 642 3703 ille
658 3645 802 3703 omnium
820 3645 981 3704 maximus
1001 3643 1149 3705 divinitus
1173 3645 1291 3704 cecinit.
1316 3641 1465 3704 Ceterum
1483 3655 1645 3722 utcunque

188 3766 223 3807 se
239 3746 300 3806 hae
316 3765 365 3807 res
381 3746 509 3820 babent,
526 3765 586 3827 ego
609 3766 675 3808 non
700 3766 894 3828 magnopere
919 3747 1078 3820 abuerem,
1094 3750 1179 3826 quin,
1200 3748 1224 3808 si
1242 3746 1306 3807 fieri
1327 3750 1436 3824 possit,
1453 3749 1483 3807 in
1500 3746 1645 3818 baerna,

190 3853 216 3910 si
233 3850 327 3929 plena
343 3850 468 3925 laboris,
485 3862 517 3913 at
532 3861 616 3912 certe
632 3853 761 3911 minime
781 3854 961 3926 ambitiosa,
977 3870 1213 3913 consenescam.
1236 3848 1301 3913 Sed
1318 3861 1412 3912 restat
1429 3851 1503 3911 mibi
1519 3863 1643 3912 vastum

191 3954 268 4015 illud
285 3967 316 4017 et
331 3953 635 4017 turbulentissimum
652 3958 756 4017 curiae
772 3956 912 4037 pelagus,
929 3956 970 4017 ad
987 3954 1076 4035 quod
1098 3953 1332 4034 enavigandum
1352 3955 1412 4015 scis
1428 3974 1493 4033 quo
1509 3956 1644 4036 ingenio,

191 4080 255 4139 qua
282 4059 474 4140 eloquentia,
501 4071 533 4120 et
560 4060 649 4139 quod
677 4061 853 4121 maximum
882 4073 937 4134 est,
965 4080 1029 4141 qua
1058 4059 1203 4120 felicitate
1230 4077 1312 4138 opus
1343 4061 1389 4119 sit.
1429 4058 1542 4137 Neque
1566 4059 1641 4119 mihi

192 4166 364 4243 quicquam
389 4163 543 4225 hactenus
566 4165 797 4242 impedimento
821 4165 885 4239 fnit,
914 4167 971 4225 nisi
994 4164 1125 4225 fratrum
1149 4162 1313 4237 dissensio,
1337 4182 1421 4243 quos
1443 4165 1475 4223 in
1499 4176 1644 4223 mutuam

191 4270 364 4346 pernicicm
388 4265 618 4346 aliquantulum
650 4282 859 4347 exasperatos
889 4269 1031 4349 quotidie
1062 4267 1180 4330 blanda
1203 4271 1346 4328 oratione
1369 4266 1411 4328 ad
1439 4265 1646 4327 concordiam

190 4372 325 4451 pellicio
351 4372 470 4451 ltaque,
490 4375 657 4434 sitantum
678 4376 732 4434 otii
749 4384 805 4444 est,
822 4386 853 4435 te
869 4393 928 4452 pro
944 4385 1053 4434 nostra
1070 4382 1181 4433 mutua
1198 4372 1418 4433 benevolentia
1435 4372 1529 4432 etiam
1547 4381 1644 4449 atque

190 4479 287 4537 etiam
303 4496 390 4558 rogo,
407 4488 441 4537 ut
458 4496 495 4538 ea
511 4476 552 4538 de
568 4496 601 4538 re
617 4479 767 4557 exiguum
784 4477 825 4537 ad
849 4497 900 4537 me
916 4475 1056 4538 libellum
1072 4476 1264 4549 conscribas
1281 4487 1312 4537 et
1329 4475 1457 4549 doceas,
1474 4474 1551 4554 quid
1568 4474 1644 4536 mibi

188 4580 391 4658 potissimum
414 4583 445 4641 in
470 4580 532 4642 hoc
555 4600 640 4642 novo
672 4583 753 4641 vitae
785 4599 901 4661 genere
926 4581 1116 4653 faciendum,
1146 4589 1201 4640 aut
1225 4599 1380 4659 quorsum
1409 4598 1501 4640 curas
1526 4580 1645 4660 cogita-

187 4685 355 4763 tionesque
380 4703 468 4746 meas
492 4684 675 4766 dirigendas
698 4686 869 4758 existimes,
894 4687 1046 4764 quoniam
1078 4683 1183 4744 solum
1206 4693 1238 4744 te
1261 4683 1344 4745 duce
1368 4703 1424 4762 per
1447 4683 1506 4744 bos
1529 4684 1644 4744 conciti

187 4791 285 4850 maris
307 4790 448 4870 fragores
476 4793 599 4871 integro
627 4791 743 4859 animo
772 4790 834 4850 hoc
861 4802 909 4851 est
932 4809 1037 4868 neque
1060 4789 1201 4850 adversis
1227 4788 1322 4848 rebus
1346 4789 1445 4849 fracto
1468 4805 1573 4866 neque
1596 4805 1644 4847 se-

189 4893 304 4955 cundis
327 4892 421 4968 elato,
445 4894 486 4955 ad
510 4905 640 4975 portum
664 4914 715 4955 me
738 4895 900 4971 pervenire
923 4913 1019 4973 posse
1043 4894 1184 4954 arbitror.
1210 4892 1245 4953 ld
1262 4894 1286 4953 si
1307 4892 1422 4964 feceris,
1447 4910 1643 4971 quamquam

189 4999 244 5057 vix
268 4997 315 5058 fas
339 5008 418 5076 puto
443 5018 495 5058 me
518 4997 637 5076 aliquid
660 5000 718 5059 abs
749 5008 780 5058 te
804 5000 973 5076 impetrare
1003 5017 1069 5057 non
1093 5017 1197 5076 posse,
1229 5016 1347 5078 magno
1377 5007 1485 5056 tamen
1514 5014 1565 5054 me
1588 4995 1645 5056 tibi

191 5100 348 5162 beneficio
365 5102 531 5164 devincies
556 5102 672 5180 Neque
695 5120 826 5164 necesse
849 5114 896 5165 est
912 5121 1175 5175 commemorare,
1198 5103 1315 5180 quibus
1338 5101 1541 5178 potissimum
1564 5101 1645 5178 peri-

190 5206 271 5267 culis
293 5205 478 5267 huiusmodi
493 5225 596 5287 genus
618 5207 783 5267 hominum
800 5207 979 5268 subiectum
997 5208 1036 5267 sit
1060 5202 1336 5288 (quandoquidem
1361 5222 1420 5281 pro
1436 5214 1493 5265 tuo
1517 5205 1644 5285 ingenio

190 5321 289 5389 atque
311 5308 491 5372 eruditione
514 5330 552 5372 ea
575 5312 631 5373 tibi
655 5311 756 5372 facilia
782 5313 912 5392 cognitu
935 5312 1029 5388 sunt),
1053 5310 1110 5370 sed
1126 5308 1291 5371 voluntate
1313 5309 1471 5370 duntaxat
1488 5319 1519 5368 et
1535 5308 1645 5370 labore

245 5444 341 5487 Sbtrlre
360 5444 498 5496 primunr.
519 5446 613 5498 Skupina
628 5446 701 5488 druht.
721 5437 780 5488 Croto
797 5446 814 5488 l.
1471 5441 1489 5496 2
