3660 5850
865 399 958 459 1503.
1584 402 1635 457 139

185 614 291 691 operis
322 612 529 675 fundamenta
560 614 675 674 ieceris.
714 612 863 693 Expecto
893 624 967 676 ate
989 615 1085 675 etiam
1111 614 1279 694 quoddam
1310 633 1429 677 novum
1457 619 1636 695 scorpionis

184 735 294 798 genus,
317 715 447 796 dequo
471 716 579 778 Lucae
603 717 749 792 retulisti,
774 728 913 795 expecto
929 728 960 780 et
976 718 1193 793 astrolabium,
1217 737 1300 798 quae
1323 721 1446 799 optima
1468 718 1635 804 Augustae

185 819 250 881 fieri
281 819 394 894 audio;
425 838 532 899 neque
562 832 609 882 cst
632 841 689 882 cur
712 823 744 882 in
767 823 889 903 graecis
911 822 1080 902 latinisque
1110 822 1195 885 libris
1225 833 1280 884 aut
1311 824 1493 887 huiusmodi
1523 827 1636 887 instru-

185 926 299 986 mentis
324 924 422 986 ullum
445 926 587 1004 precium
611 928 810 987 extimescas.
833 924 913 989 Sum
936 927 1021 987 enim
1044 925 1162 1000 talium,
1185 938 1220 989 ut
1243 926 1332 988 facile
1363 930 1512 1008 suspicari
1534 940 1636 1008 potes

185 1027 280 1110 longe
302 1028 423 1090 avidior
446 1047 544 1108 quam
567 1032 729 1109 pecuniae.
753 1028 845 1103 Vale,
868 1049 978 1091 meum
1010 1033 1250 1092 cinnamomum
1273 1042 1304 1092 ct
1328 1031 1523 1093 balsamum:
1547 1033 1637 1111 plura

184 1150 301 1210 nempe
325 1145 400 1205 tum,
424 1151 498 1194 cum
521 1133 593 1212 plus
616 1135 670 1194 otii
686 1143 799 1195 nactus
822 1133 919 1208 luem,
943 1132 985 1195 ad
1008 1146 1040 1197 te
1063 1136 1216 1209 scribam;
1240 1153 1316 1196 nam
1339 1136 1424 1210 haec,
1449 1135 1539 1217 quod
1561 1137 1636 1198 mibi

184 1236 278 1297 velim
302 1236 420 1311 credas,
444 1239 525 1297 inter
547 1236 663 1298 choros
686 1237 863 1317 puellarum
887 1237 1051 1318 saltusque
1073 1238 1197 1301 dictavi.

271 1456 375 1525 Bislrup
394 1457 555 1526 Basilejslry'‚
576 1457 659 1525 jeboi
679 1467 747 1511 smrt
766 1476 795 1511 se
816 1476 833 1509 v
851 1458 915 1512 lietu
935 1458 1099 1527 plipornlnA,
1126 1460 1205 1513 mdie
1225 1459 1283 1528 by'ti
1300 1460 1347 1528 jen
1372 1461 1478 1530 Kaspar
1501 1478 1534 1513 zu
1555 1461 1636 1523 libin,

184 1543 262 1611 lrtery‘
281 1544 438 1612 resignoval
457 1564 478 1599 r.
499 1544 574 1609 1500,
586 1546 628 1599 ale
642 1547 743 1599 zemlel
763 1554 841 1614 teprv
861 1547 883 1598 l.
898 1545 987 1614 listop.
1008 1544 1084 1599 1502.
1103 1546 1196 1600 Odtud
1215 1547 1335 1615 vyply¹va
1354 1550 1420 1600 nade
1435 1549 1548 1601 vrotent
1563 1548 1635 1611 listu,

185 1630 263 1699 ktery'
288 1633 369 1700 podle
394 1634 547 1686 zakondeni
566 1650 582 1686 a
601 1633 796 1701 plipomenutl‚
821 1632 852 1685 ie
873 1650 891 1684 v
910 1630 1059 1685 budouclm
1086 1637 1164 1700 poste
1189 1632 1378 1686 Bernhardovi
1403 1634 1516 1702 zasla'my
1544 1635 1635 1688 budou

183 1716 246 1782 jiste
267 1719 361 1787 lrniby,
379 1721 448 1788 psdn
468 1720 513 1788 byl
532 1723 628 1788 patrue
647 1738 663 1773 o
683 1722 841 1788 masopuste
860 1735 880 1772 r.
896 1717 963 1770 1503
975 1736 992 1771 a
1010 1719 1068 1772 sice
1087 1735 1104 1768 v
1124 1720 1240 1772 Budlne.
1259 1720 1283 1772 V
1303 1719 1364 1773 liste
1383 1721 1498 1773 dvalrrat
1516 1722 1637 1789 dotdeny

185 1805 261 1872 posel
275 1806 291 1857 lr
304 1806 505 1860 aldelmannovi
521 1807 566 1875 byl
579 1806 720 1860 slulebnilr
740 1807 917 1859 Bohuslavtlv
937 1805 1030 1858 Lukas
1043 1805 1224 1874 Komponius.
1244 1804 1430 1859 Astrolabium
1444 1823 1459 1858 z
1472 1806 1638 1874 Augsburku

187 1892 263 1945 iadal
278 1894 418 1946 Bohuslav
437 1902 524 1961 proto,
542 1893 573 1946 ie
587 1901 643 1946 tam
657 1892 783 1960 zejmena
798 1892 880 1960 jakys
896 1891 942 1944 Vit
955 1892 1016 1945 Bild
1036 1892 1145 1945 tenlrrat
1164 1891 1335 1961 neobyeejne
1355 1895 1457 1962 proslul
1476 1894 1638 1947 hotovenim

186 1980 430 2048 astronomiclqich
455 1979 577 2047 ndstrojd
602 1979 689 2032 vseho
713 1980 802 2032 drubu
829 1980 863 2046 (v.
884 1979 956 2040 Lier,
977 1979 1033 2032 Der
1051 1979 1229 2047 Augsburger
1248 1979 1509 2033 Humanistenlrreis
1527 1998 1544 2031 v
1562 1984 1638 2034 rodn.

188 2065 255 2119 1880
274 2066 433 2120 Zeitschrilt
451 2069 477 2120 d.
497 2067 592 2120 histor.
611 2066 727 2120 Vereins
746 2066 763 2119 f.
783 2067 957 2135 Schwaben).

882 2454 951 2518 102.

609 2627 829 2701 Bohuslav
852 2627 962 2719 Janu
991 2605 1217 2701 §lechtovi

276 2832 312 2897 (V
335 2832 433 2889 Budlnd
459 2831 575 2887 1503-
594 2846 629 2889 na
653 2831 729 2889 ktnol
754 2834 860 2900 (tutta.)
887 2832 934 2900 Jsa
959 2833 1063 2885 churav
1088 2832 1144 2886 einr
1168 2834 1286 2901 pozvanl
1312 2833 1328 2886 k
1353 2833 1452 2896 obedu,
1476 2831 1531 2901 aby
1555 2834 1642 2886 mohli

193 2920 329 2973 obrozne
348 2919 456 2986 zprdve,
473 2917 517 2984 jer
536 2918 573 2971 ho
591 2918 627 2971 od
646 2917 816 2986 prrbuzneho
835 2919 908 2987 pana
929 2919 1121 2972 Plavenslreho
1140 2935 1155 2971 z
1175 2907 1250 2973 Cecb
1270 2920 1356 2982 dosia,
1375 2918 1547 2988 porokovati.
1564 2919 1641 2973 Tale

193 3007 327 3060 marsalla
342 3005 407 3074 jalo
426 3007 568 3059 vlastence
588 3006 752 3074 upllmneho
771 3006 816 3058 md
834 3005 947 3075 privesti
967 3023 980 3058 s
999 3004 1094 3058 sebou.
1112 3006 1204 3073 (Nova
1222 3005 1302 3074 epist.
1322 3023 1383 3074 app.
1401 3005 1454 3072 20.)

274 3217 388 3299 Joanni
411 3214 575 3281 Sslechtae
598 3238 621 3280 s.
644 3220 675 3280 d.
706 3218 821 3280 Passus
844 3238 915 3280 sum
939 3218 998 3280 hac
1025 3230 1119 3279 nocte
1146 3217 1331 3279 febriculam
1363 3218 1473 3292 levem,
1497 3236 1588 3297 quae,
1613 3229 1646 3279 ut

193 3341 295 3400 spero,
319 3320 460 3403 diligenti
483 3342 559 3384 cura
580 3334 678 3402 etque
705 3323 894 3384 abstinentia
928 3321 1018 3383 facile
1041 3332 1217 3383 evanescet.
1241 3321 1337 3383 Nolui
1364 3331 1472 3384 tamen
1496 3321 1536 3382 ad
1560 3331 1592 3383 te
1614 3323 1646 3381 in

193 3426 250 3488 bac
273 3429 353 3489 a'e'ris
376 3428 563 3507 intemperie
593 3429 706 3501 venire,
730 3447 771 3489 ne
794 3447 836 3488 ex
858 3425 991 3488 scintilla
1022 3424 1205 3487 incendium
1236 3430 1420 3500 exuscitem,
1444 3425 1501 3488 sed
1524 3444 1645 3505 precor,

193 3542 225 3592 ut
248 3529 291 3592 ad
315 3549 367 3590 me
390 3530 486 3592 hodie
510 3542 681 3593 coenatum
705 3533 819 3604 veniaS,
843 3529 967 3610 quode
990 3532 1086 3591 rebus
1109 3531 1224 3608 partim
1247 3528 1288 3590 ad
1312 3529 1506 3608 republicam
1529 3531 1644 3608 partim

193 3634 232 3696 ad
249 3635 390 3714 privatos
405 3636 637 3714 pertinentibus
652 3634 750 3695 libere
766 3634 906 3714 colloqui
921 3636 1091 3713 possimus.
1116 3631 1151 3694 ld
1167 3643 1337 3711 propterea
1356 3635 1469 3707 scribo,
1492 3635 1645 3712 quoniam

194 3739 295 3800 affinis
316 3757 410 3800 meus
431 3739 601 3800 Plawensis
624 3739 779 3800 mirabilia
802 3749 945 3800 monstra
969 3737 1011 3799 ad
1035 3757 1088 3799 me
1110 3738 1224 3811 scribit,
1248 3755 1338 3816 quae,
1362 3748 1397 3798 ut
1420 3756 1481 3819 ego
1504 3736 1646 3810 arbitror,

194 3846 289 3904 ctiam
320 3843 362 3903 ad
389 3843 523 3924 Regiam
554 3840 756 3904 Maiestatem
786 3844 918 3920 scripsit.
957 3842 1064 3904 Duces
1094 3852 1201 3903 autem
1233 3852 1339 3903 tecum
1369 3850 1515 3901 nostrum
1546 3860 1646 3901 mare-

194 3947 365 4020 schalcum,
395 3964 492 4026 quern
526 3948 600 4024 quia
634 3947 888 4007 amantissimum
923 3947 1044 4025 patriae
1075 3944 1151 4005 mihi
1184 3964 1255 4006 esse
1289 3942 1476 4022 persuadeo,
1512 3944 1647 4005 consiliis

195 4052 310 4112 nostris
333 4051 486 4112 interesse
509 4049 599 4111 facile
622 4051 686 4129 pati
710 4068 852 4128 possum.
877 4049 968 4111 Vale.

478 4223 630 4304 Undique
653 4223 776 4285 finitimi
799 4234 1003 4306 consurgunt,
1026 4220 1180 4295 Sslechta,
1204 4220 1341 4282 tumultu

519 4327 560 4388 Et
583 4331 735 4407 premitur
758 4344 885 4405 semper
907 4327 1007 4406 patria
1031 4338 1140 4388 nostra
1162 4327 1264 4408 gravi:

477 4430 543 4494 Aut
567 4433 660 4514 igitur
683 4432 803 4509 patriae
827 4428 999 4509 linquenda
1023 4430 1199 4492 domestica
1221 4426 1258 4489 lis
1281 4441 1337 4502 est,

525 4533 591 4597 Aut
615 4553 769 4617 magnum
793 4533 888 4594 nobis
910 4535 1055 4594 imminet
1079 4537 1220 4595 exitium.

284 4757 437 4810 »Mirabilia
455 4765 604 4819 monstra«,
621 4755 664 4823 jel
681 4756 806 4825 Jindiicb
825 4755 965 4816 zl’lavna,
986 4753 1108 4821 bejtman
1129 4752 1201 4819 kraje
1221 4753 1399 4805 Lolretslreho
1418 4769 1437 4803 r.
1459 4750 1525 4802 1502
1545 4751 1647 4804 irralem

197 4845 346 4912 dosazeny,
366 4844 441 4896 mohl
455 4842 642 4895 Bohuslavovi
656 4860 673 4895 a
686 4841 752 4894 krali
772 4840 936 4903 zvestovati,
955 4840 1049 4908 tikala
1066 4857 1096 4892 se
1116 4837 1209 4905 zajiste
1230 4839 1329 4890 lrrrave
1349 4837 1448 4905 svatby
1467 4837 1649 4890 Karlovarske

197 4935 219 4984 li.
238 4933 327 4984 dnora
350 4928 415 4981 1503
433 4929 578 4997 odby'vane
600 4928 732 4996 (Palaclq'r
751 4928 784 4989 V,
802 4928 826 4990 ⁶2,
845 4928 897 4993 58).
917 4927 1009 4980 Odtud
1029 4925 1147 4994 vyply'va
1171 4926 1284 4978 vrodeni
1306 4926 1367 4977 listu
1389 4923 1503 4976 naseho.
1523 4923 1584 4975 Kdo
1603 4922 1648 4990 byl

198 5017 334 5071 marstlek
353 5034 370 5068 v
389 5017 453 5069 listu
470 5017 600 5084 dotdeny,
620 5015 738 5068 nevime.
