3660 5850
262 375 312 428 138
937 376 1031 436 1503.

259 588 376 668 Neque
399 591 474 652 item
505 589 633 651 credere
664 608 797 669 possum
828 589 1030 652 Venetorum
1060 592 1413 670 circumspectissimam
1436 589 1706 669 rempublicama

259 692 344 753 bello
371 692 484 754 Tuscis
514 692 678 754 inferendo
710 712 895 773 quenquam
926 706 1075 768 avertere,
1106 695 1238 774 quando
1269 697 1409 756 maxime
1439 712 1553 754 eorum
1584 695 1705 755 interest

257 794 381 876 Turcos
405 799 549 875 opprimi.
574 797 703 858 Liberat
726 800 822 858 etiam
846 818 903 860 eos
927 799 987 860 hac
1010 800 1200 877 suspicione,
1224 818 1289 860 non
1313 797 1417 859 solum
1442 798 1531 877 quod
1556 797 1618 859 hoc
1633 810 1707 859 tem·

258 919 336 978 pore
358 900 417 961 soli
442 904 522 962 inter
545 900 739 963 Christianos
763 902 974 963 barbarorum
997 905 1152 982 impetum
1179 904 1345 976 sustinent,
1368 901 1545 964 sedetiam
1570 901 1657 982 quod
1678 904 1705 963 in

257 1004 381 1066 famosa
404 1005 454 1067 illa
470 1006 606 1068 Gotl'ridi
630 1005 782 1067 adversus
805 1004 986 1069 Saracenos
1009 1006 1215 1085 expeditione
1237 1008 1398 1089 egregiam
1422 1025 1552 1085 semper
1574 1005 1706 1088 religioni

258 1109 431 1170 catholicae
455 1130 585 1189 operam
610 1122 811 1172 navaverunt.
840 1111 950 1190 Itaque
974 1113 998 1171 si
1021 1112 1093 1172 licet
1116 1111 1174 1171 abs
1196 1121 1229 1171 te
1251 1108 1425 1183 dissentire
1455 1110 1528 1189 plus
1553 1111 1654 1184 nobis,
1674 1121 1707 1170 ut

258 1231 320 1294 ego
344 1215 488 1286 arbitror,
511 1212 657 1291 praesidii
681 1217 711 1274 in
737 1213 870 1275 Venetis
893 1234 991 1294 quarn
1008 1217 1037 1275 in
1058 1233 1132 1296 rege
1154 1213 1249 1278 Gallo
1272 1225 1328 1288 est,
1351 1225 1447 1295 atque
1469 1213 1564 1286 adeo,
1587 1225 1622 1276 ut
1644 1216 1706 1275 sine

259 1337 372 1378 eorum
395 1337 494 1397 opera
517 1319 622 1378 omnis
645 1318 738 1379 buius
761 1317 834 1379 belli
859 1321 937 1380 ratio
963 1338 1077 1380 manca
1100 1320 1203 1380 lutura
1226 1323 1278 1380 sit:
1306 1337 1493 1400 quanquam
1516 1320 1705 1380 tutissimum

258 1434 341 1483 esset
365 1424 493 1502 iungere
516 1424 596 1482 vires
618 1433 649 1482 et
673 1425 836 1483 communi
859 1441 923 1484 non
947 1423 1053 1484 solum
1076 1422 1242 1484 Gallorum
1265 1433 1297 1484 et
1319 1422 1467 1485 Venetae
1497 1422 1632 1484 civitatis
1654 1420 1705 1481 sed

259 1527 403 1587 omnium
427 1524 678 1587 Christianorum
702 1527 835 1587 consilio
859 1545 925 1586 rem
949 1537 1069 1588 tantam
1094 1526 1232 1608 aggredi.

344 1715 367 1765 Ο
387 1713 529 1765 adressatu
549 1729 640 1765 srovn.
659 1713 814 1780 poznamlru
834 1712 926 1765 klistu
939 1712 981 1764 ill.
1001 1714 1122 1766 Vroceni
1141 1711 1204 1765 listu
1223 1712 1343 1781 vyplyva
1357 1729 1388 1764 ze
1401 1712 1522 1780 zmlnlry‚
1537 1712 1570 1765 ie
1584 1712 1707 1765 nedavno

257 1800 340 1851 Turci
360 1800 452 1867 dobyli
474 1799 646 1867 Dyrrhachia
666 1801 803 1859 (Durazzo
864 1800 956 1861 Drael,
976 1802 1025 1851 eoi
1045 1801 1127 1852 udalo
1146 1816 1175 1851 se
1191 1817 1211 1851 r.
1228 1798 1301 1851 latta.
1321 1797 1411 1866 Papei
1430 1799 1481 1850 zde
1501 1799 1596 1866 plisne
1615 1798 1708 1850 odsou·

256 1889 327 1954 zeny'·
338 1886 393 1953 jest
406 1889 542 1961 povestny
556 1887 710 1938 Alexander
723 1887 776 1947 VI„
788 1886 869 1952 jehol
885 1904 899 1937 z
914 1888 999 1954 kurvy
1012 1904 1062 1954 syn
1077 1887 1179 1938 Caesar
1192 1884 1292 1952 Borgia
1305 1886 1450 1937 smlouvou
1461 1903 1474 1936 s
1485 1885 1642 1938 Ludvilrem
1655 1885 1709 1936 XII.

256 1974 308 2025 stal
329 1991 358 2026 se
378 1974 504 2025 verodou
529 1974 740 2041 Valentinslrym
765 1992 781 2024 v
802 1973 1002 2041 l)aupl1ine.0
1023 1973 1185 2025 manielstvi
1209 1971 1291 2025 tehoi
1316 1973 1390 2024 letale
1414 1971 1549 2033 Ludvika,
1570 1973 1605 2024 od
1625 1972 1709 2023 Bohu·

258 2061 335 2112 slava
353 2059 549 2115 odsouzent'em.
569 2062 634 2112 elusi
660 2059 873 2128 plipomenouti‚
899 2060 929 2112 ie
949 2059 1086 2127 potoleno
1111 2058 1175 2126 bylo
1193 2058 1269 2126 qimi
1288 2059 1419 2127 papeiem
1445 2058 1639 2112 Alexandrem.
1658 2058 1709 2125 Vy·

260 2146 374 2200 trvatost
399 2147 560 2198 bendtdanti
584 2164 617 2198 ve
643 2149 720 2198 vrilee
746 2147 858 2199 tureclre
885 2148 1025 2198 Bolruslav
1048 2145 1178 2213 pleceniL
1204 2145 1290 2198 nebol
1311 2145 1349 2212 jii
1375 2146 1415 2198 11.
1440 2162 1513 2213 pros.
1539 2145 1622 2198 tehoi
1645 2145 1709 2197 roltu

260 2233 355 2286 ucinili
376 2251 389 2285 s
407 2233 500 2301 Turlry
520 2234 579 2285 mir.
599 2234 623 2285 0
644 2234 804 2301 plipravach
825 2234 840 2286 k
860 2233 930 2285 miru
949 2241 1025 2285 tomu
1046 2232 1185 2285 bohuslav
1204 2234 1301 2299 patrae
1317 2230 1388 2298 jeste
1411 2232 1503 2284 nemel
1522 2232 1624 2293 tusani,
1643 2229 1709 2298 kdyi

261 2320 306 2373 list
324 2320 397 2388 psal:
416 2328 495 2388 proto
515 2320 651 2388 myslime,
671 2321 703 2373 ie
722 2320 790 2388 psan
810 2319 855 2388 byl
875 2336 911 2372 na
929 2319 1003 2372 zimu
1024 2318 1098 2372 1502.

956 2603 1026 2666 101.

562 2741 781 2813 Bohuslav
810 2740 1058 2813 Bernhardu
1088 2738 1412 2811 Adelmannovi.

348 2908 381 2975 (Ζ
402 2909 503 2966 Butlitta
523 2912 587 2965 15⁰3
604 2941 630 2948 -
648 2927 682 2967 na
702 2910 838 2982 pedatim.)
857 2911 1012 2973 l'onevadl‚
1030 2910 1075 2978 jak
1095 2912 1228 2972 doslechl,
1253 2911 1354 2963 zemlel
1375 2909 1474 2977 bislrup
1498 2909 1652 2977 Basilejslq'r
1670 2926 1790 2960 za-a·

258 2996 367 3048 nechav
380 2996 472 3049 sbirlru
486 2998 616 3065 rukopist‘l
636 2999 765 3066 leclq'ch,
776 2997 820 3064 jei
839 2999 906 3066 nynl
917 2998 979 3064 jsou
994 3016 1029 3050 na
1041 2997 1144 3065 prodej‚
1163 2997 1232 3050 iada
1251 2997 1348 3065 pisatel
1367 2997 1483 3064 lrvapne‚
1502 2995 1558 3065 aby
1572 2996 1735 3048 Bemhar-
1754 2993 1793 3045 -d

259 3084 383 3151 vsechny
402 3082 473 3135 aneb
493 3088 579 3152 aspoll
607 3086 718 3137 nelitere
744 3085 855 3152 opatlil;
877 3085 958 3152 jakoi
978 3084 1065 3136 dalei
1083 3083 1179 3152 jiny'clr
1203 3083 1268 3137 knih
1288 3099 1323 3136 co
1342 3081 1459 3150 nejvlce,
1484 3083 1603 3135 nehlede
1623 3083 1640 3134 k
1654 3081 1740 3149 jicr
1769 3080 1795 3131 :h

259 3171 337 3222 cene.
357 3170 432 3222 Tale
451 3169 560 3238 zajisty'
580 3172 647 3224 tiruh
669 3173 734 3224 stira
754 3173 822 3224 icida
836 3190 852 3224 a
865 3188 897 3224 za
910 3170 1097 3232 astrolabium,
1118 3169 1248 3238 nejradeji
1268 3186 1300 3222 za
1319 3169 1496 3238 vyhotovent't
1509 3186 1526 3220 v
1540 3168 1799 3237 Augsburtrsu

262 3275 278 3309 a
296 3257 423 3325 podobne
443 3257 562 3325 ntstroje
579 3258 645 3325 jine.
665 3260 755 3317 (Nova
774 3259 853 3327 epist.
873 3276 933 3326 app.
954 3258 1004 3321 123.)

351 3433 536 3496 Bernhardo
566 3433 772 3497 Adelmanno
800 3455 823 3497 s.
846 3455 875 3514 p.
899 3434 928 3496 d.
982 3434 1112 3507 literas,
1140 3453 1222 3513 quas
1251 3431 1293 3493 ad
1324 3451 1375 3494 me
1406 3433 1556 3511 proxime
1591 3430 1804 3499 dedistiai,

263 3558 389 3599 summa
419 3558 493 3599 cum
524 3538 687 3619 voluptate
718 3539 788 3620 legi,
819 3549 851 3599 et
881 3538 1002 3599 Lucam
1034 3537 1074 3598 de
1104 3536 1286 3598 valetudine
1315 3547 1370 3597 tua
1400 3547 1583 3597 narrantem
1612 3535 1805 3595 laete-sus

170 3683 173 3686 >
263 3642 383 3703 audivi:
407 3646 459 3722 qui
485 3646 579 3704 etiam
612 3644 764 3723 pleraque
790 3644 849 3703 alia
880 3645 1010 3723 cognitu
1039 3661 1103 3702 non
1130 3640 1301 3702 iniucunda
1330 3638 1406 3701 milri
1429 3639 1549 3706 retulit;
1573 3638 1709 3700 literas‘
1761 3637 1804 3714 .*,)

263 3757 370 3807 autem
401 3758 598 3825 caeteraque,
622 3747 662 3807 de
693 3748 810 3826 quibus
840 3747 957 3816 scribis.
989 3745 1133 3808 nondum
1165 3746 1281 3823 accepi,
1312 3742 1370 3805 sed
1402 3746 1482 3804 intra
1512 3742 1650 3805 triduum
1672 3762 1753 3801 e>
1775 3759 1804 3801 ea

263 3853 370 3910 omnia
401 3850 442 3910 ad
474 3869 526 3910 me
556 3850 712 3929 perlatum
744 3852 778 3910 iri
809 3870 911 3927 spero.
951 3850 1152 3912 Institueram
1182 3848 1312 3928 quidem
1347 3849 1471 3909 interim
1503 3847 1581 3908 nihil
1610 3845 1650 3907 ad
1679 3864 1684 3872 ·
1779 3856 1803 3905 te

263 3955 407 4027 scribere,
432 3952 489 4014 sed
519 3957 644 4024 veritus,
675 3974 715 4015 ne
739 3954 912 4033 periculum
943 3957 973 4015 in
999 3974 1088 4016 mora
1118 3956 1165 4026 sit,
1197 3954 1304 4031 putavi
1332 3950 1371 4025 id,
1402 3951 1492 4031 quod
1522 3952 1626 4030 cupi0,
1654 3952 1673 4010 ti
1699 3953 1747 4009 ἓ
1768 3950 1799 4010 ibi

264 4060 376 4136 paucis
399 4058 565 4138 significari
590 4071 748 4137 oportere.
783 4057 892 4119 Audio
915 4060 998 4118 enim
1030 4056 1213 4137 pontificem
1237 4054 1443 4116 Basiliensem
1474 4053 1655 4125 decessisse,
1772 4063 1797 4112 et

264 4159 422 4240 quosdam
446 4180 578 4241 graccos
601 4161 737 4234 codices‘,
761 4182 844 4241 quos
863 4161 913 4223 ille
930 4180 1047 4242 magno
1070 4159 1177 4222 studio
1200 4168 1459 4241 congregaverat,
1482 4160 1512 4218 in
1535 4172 1702 4238 praesen?
1743 4160 1793 4218 aia

262 4263 391 4325 venales
414 4284 491 4325 esse.
519 4263 588 4324 Hos
611 4278 665 4326 aut
682 4266 793 4326 saltem
818 4265 942 4345 aliquos
959 4286 1001 4325 ex
1017 4264 1065 4325 his
1080 4264 1154 4325 mibi
1172 4275 1227 4326 tua
1246 4283 1345 4344 opera
1368 4260 1587 4342 industriaque
1609 4269 1674 4322 co'e·
1711 4263 1788 4321 :mi

264 4366 301 4449 (si
326 4367 390 4427 lieri
415 4365 536 4448 posset)
561 4371 674 4428 mirum
699 4371 729 4428 in
750 4369 884 4428 modum
908 4381 996 4447 opt0.
1022 4369 1134 4431 Uterer
1157 4369 1299 4446 pluribus
1322 4365 1783 4449 magnificentioribusfflue

264 4472 376 4543 verbis,
408 4473 465 4531 nisi
496 4491 625 4544 vererer,
656 4490 696 4531 ne
720 4471 879 4533 blanditiis
910 4471 1092 4533 huiusmodi
1124 4470 1289 4533 offendam
1318 4472 1461 4531 animum
1492 4483 1582 4532 tuum
1612 4470 1775 4549 ma-gis

264 4593 361 4653 quam
390 4573 599 4636 demulceam.
639 4575 716 4636 illud
748 4576 853 4636 solum
884 4575 1003 4637 dixisse
1034 4578 1110 4637 satis
1133 4578 1191 4636 erit
1214 4586 1245 4636 te
1269 4573 1340 4635 nibil
1370 4574 1433 4635 hoc
1464 4585 1609 4652 tempore
1633 4573 1768 4635 anilii

263 4680 380 4757 gratius
412 4680 638 4758 acceptiusque
668 4680 771 4739 lacere
802 4700 905 4758 posse,
938 4698 1035 4758 quam
1067 4683 1090 4739 si
1123 4679 1161 4752 id,
1186 4677 1275 4758 quod
1308 4689 1476 4758 tantopere
1503 4688 1627 4758 expeto
1652 4685 1754 4738 tua

264 4781 424 4863 diligentia
447 4795 640 4844 consecutus
656 4782 753 4845 luero
781 4782 889 4844 lithica
906 4783 1085 4844 Aristotelis
1101 4783 1187 4860 apud
1210 4782 1370 4843 librarium
1387 4793 1461 4843 sunt
1477 4781 1670 4843 exscribunt
1697 4796 1743 4840 ur·

265 4905 334 4965 que,
351 4888 498 4965 proxima
522 4899 629 4948 autem
653 4887 899 4968 quadragesima
916 4908 953 4947 ea
970 4889 1024 4947 tibi
1042 4906 1115 4947 cum
1135 4885 1388 4965 Antiquitatibus
1411 4884 1566 4946 Romanis
1580 4886 1726 4960 mittam,

265 5010 330 5068 quo
361 5003 507 5066 tempore
538 5001 677 5067 expecto
709 4992 767 5050 abs
797 5004 829 5052 te
852 4990 956 5069 aliqua
985 4992 1046 5051 mci
1074 4990 1239 5051 stomachi.
1276 4989 1418 5052 Tantum
1449 4991 1534 5051 enim
1556 4989 1652 5059 abest,
1688 5000 1715 5050 ut

264 5092 448 5152 aviditatem
478 5113 592 5166 meam,
623 5095 902 5172 quemadmodum
935 5095 1091 5174 pollicitus
1121 5113 1163 5165 es,
1188 5095 1372 5172 expleveris,
1403 5105 1437 5155 ut
1468 5092 1609 5155 nondum
1630 5096 1702 5153 tanti

352 5281 378 5346 λιι)
397 5279 471 5332 Snad
490 5279 581 5332 libros.
