3660 5850
867 396 960 457 1487.
1609 396 1643 451 19

184 613 211 672 si
234 611 291 674 tibi
313 614 485 692 quicquam
508 630 624 696 negare
647 610 799 674 auderem
823 623 877 674 aut
901 631 1041 691 possem,
1065 613 1236 674 iustissima
1259 612 1291 673 id
1313 615 1522 674 excusatione
1545 633 1564 675 a
1587 632 1640 674 me

185 715 396 796 depellerem;
430 737 504 779 cum
535 738 601 781 non
633 717 790 778 immerito
821 728 932 779 notam
962 735 1087 777 vererer
1109 734 1314 796 nequaquam
1337 719 1492 795 imparem
1516 720 1552 791 ei,
1576 737 1640 799 qua

185 820 313 883 Poenus
336 821 498 883 Hannibal
522 821 656 883 delirare
680 820 759 882 dixit
775 820 1002 882 Phormionem
1025 822 1267 901 peripateticum
1290 822 1331 883 de
1347 841 1381 882 re
1403 821 1528 883 militari
1550 841 1641 901 prae-

185 936 278 1005 cepta
301 924 441 999 dantem,
465 928 520 1006 qui
542 944 708 1005 nunquam
724 925 860 998 hostem,
882 943 1049 1004 nunquam
1064 936 1167 988 castra
1189 926 1329 988 vidisset.
1353 925 1476 987 Verum
1492 926 1638 987 conabor

186 1029 301 1090 saltem
326 1030 424 1091 lretus
447 1030 644 1092 humanitate
667 1040 722 1091 tua
745 1031 838 1090 iussis
866 1030 927 1090 tuis
951 1029 1183 1107 obtemperare,
1211 1031 1344 1110 impium
1373 1031 1458 1090 enirn
1481 1029 1560 1091 duxi
1582 1030 1639 1091 tibi

185 1135 283 1194 etiarn
300 1135 330 1194 in
347 1135 403 1208 his,
427 1153 510 1214 quae
526 1136 608 1196 vires
624 1153 713 1196 meas
729 1143 888 1212 superant,
912 1151 1037 1194 morem
1052 1152 1118 1195 non
1134 1153 1251 1216 gerere.
1276 1132 1446 1196 Caeterum
1463 1153 1503 1195 ne
1519 1134 1639 1195 tardius

185 1255 223 1296 ea
247 1250 419 1318 praecepta
446 1239 544 1321 legas,
572 1241 635 1300 iarn
657 1257 743 1299 nunc
770 1227 827 1298 tibi
854 1237 1079 1321 praefigendus
1107 1248 1155 1299 est
1179 1238 1257 1312 linis,
1286 1240 1316 1299 in
1344 1257 1442 1318 quern
1469 1237 1584 1299 tendas
1607 1249 1639 1299 et

186 1342 217 1401 in
241 1360 338 1420 quern
361 1341 477 1424 dirigas
499 1362 618 1416 arcum,
644 1353 680 1403 ut
703 1341 829 1403 Persius
851 1343 902 1402 ait.
927 1341 1024 1404 Hunc
1047 1361 1120 1403 cum
1144 1343 1345 1405 constitueris
1368 1352 1399 1402 et
1423 1341 1578 1420 frequenti
1601 1361 1639 1402 ac

185 1447 249 1526 iugi
265 1448 466 1527 cogitatione
489 1447 588 1508 menti
610 1446 823 1526 proposueris,
847 1465 1059 1525 quaecunque
1082 1446 1187 1507 media
1219 1448 1250 1507 in
1281 1465 1355 1507 eum
1386 1444 1482 1507 linem
1512 1466 1639 1507 accom-

186 1549 319 1611 modata
342 1568 413 1611 esse
435 1552 648 1631 conspexeris
673 1569 711 1611 ea
733 1549 970 1630 complecteris:
994 1553 1131 1630 quaein
1154 1553 1224 1612 avia
1245 1550 1372 1626 ducent,
1396 1568 1434 1611 ea
1456 1550 1638 1611 declinabis.

184 1652 312 1715 Etenim
337 1654 411 1716 nihil
434 1654 517 1716 adeo
544 1674 604 1716 nos
627 1654 698 1715 facit
733 1654 907 1715 imbecilles
939 1656 970 1715 in
992 1654 1129 1716 serendis
1159 1653 1298 1715 adversis
1328 1666 1361 1717 et
1391 1655 1585 1733 impotentes
1608 1656 1640 1715 in

186 1759 354 1836 prosperis
378 1777 476 1838 quam
499 1757 597 1839 quod,
621 1760 710 1819 cuius
733 1759 776 1819 rei
799 1760 899 1839 gratia
921 1759 952 1819 in
976 1758 1134 1820 mundum
1157 1759 1313 1838 procreati
1336 1777 1448 1820 sumus
1472 1754 1639 1840 (felicitatis

185 1862 302 1923 scilicet
329 1859 524 1946 perpetuae),
547 1873 613 1923 tam
636 1883 708 1923 raro
731 1864 942 1935 meminimus,
966 1874 997 1924 et
1020 1864 1051 1923 in
1075 1882 1147 1923 eam
1170 1861 1418 1941 promerendam
1441 1881 1507 1923 non
1530 1864 1639 1923 omnia

185 1966 367 2041 referimus;
401 1966 663 2047 quandoquidem
688 1968 795 2028 omnia
819 1965 960 2047 (culpam
984 1967 1120 2046 excipi0,
1144 1985 1228 2046 quae
1250 1965 1326 2027 nihil
1349 1965 1411 2044 est)
1434 1964 1639 2048 diligentibus

185 2069 291 2131 Deum
315 2072 346 2131 in
370 2072 492 2133 bonum
516 2071 640 2133 cedant.
663 2069 728 2134 Sed
752 2071 793 2132 de
815 2070 863 2132 his
886 2071 970 2145 alias,
994 2082 1029 2133 ut
1044 2090 1149 2150 spere.
1173 2070 1318 2133 Fratrem
1334 2068 1527 2132 Nicholaum
1542 2089 1561 2131 e
1576 2073 1638 2132 vita

185 2172 366 2236 discessisse
389 2195 456 2236 non
471 2177 607 2257 ignoras.
630 2175 724 2250 Eum,
747 2175 825 2237 dum
847 2176 973 2249 viveret,
995 2177 1204 2237 convenimus
1226 2186 1317 2254 pater
1332 2185 1364 2236 et
1378 2193 1449 2257 ego,
1473 2175 1637 2236 hominem

186 2277 305 2338 inculto
321 2264 414 2350 crine,
437 2279 524 2344 vultu
541 2280 678 2342 honesto
701 2279 831 2359 quidem
847 2290 879 2342 et
895 2279 995 2340 macie
1012 2290 1126 2362 rugato
1142 2300 1179 2341 ac
1195 2281 1285 2359 quasi
1301 2279 1430 2358 pulvere
1453 2298 1638 2358 consperso,

187 2384 241 2459 qui
264 2380 379 2462 longos
401 2402 440 2443 ac
461 2402 613 2462 proceros
643 2394 729 2445 artus
754 2384 845 2444 unica
875 2395 962 2445 veste
995 2394 1187 2464 contegeret,
1219 2381 1344 2444 blandis
1374 2384 1476 2445 verbis
1510 2395 1542 2444 et
1564 2402 1638 2444 vere

185 2485 359 2546 christianis
382 2505 442 2547 nos
457 2488 629 2567 acciperet,
652 2489 720 2549 sine
744 2486 806 2548 ulla
822 2499 929 2549 tamen
946 2488 1158 2563 simulatione,
1182 2507 1280 2568 quam
1304 2487 1497 2567 hypocrisim
1513 2500 1638 2562 vocant,

185 2588 243 2650 sed
278 2590 409 2670 simplici
443 2601 475 2653 et
508 2592 693 2653 abbreviato
727 2604 892 2666 contextu,
927 2612 1025 2672 quam
1056 2591 1096 2654 sit
1129 2592 1330 2671 respondens
1365 2589 1433 2673 (sic)
1469 2590 1546 2653 Eius
1580 2592 1637 2654 tibi

187 2691 324 2776 (mezera
340 2692 467 2777 vtisku)
492 2695 546 2757 diu
569 2698 746 2776 quaesitam
770 2695 943 2776 aliquando
968 2698 1110 2759 mittam:
1134 2707 1201 2758 tum
1225 2694 1318 2758 latius
1341 2694 1382 2756 de
1405 2697 1495 2758 obitu
1518 2697 1585 2756 cius
1608 2706 1640 2756 et

187 2797 227 2858 de
251 2799 306 2873 his,
330 2818 414 2878 quae
437 2799 510 2860 inde
525 2809 634 2861 secuta
657 2811 744 2873 sunt;
771 2801 890 2861 incerta
912 2801 998 2860 enim
1013 2819 1073 2879 pro
1090 2801 1183 2862 certis
1197 2819 1379 2861 asseverare
1395 2799 1502 2861 nolim.
1525 2799 1637 2861 Misisti

185 2903 226 2963 ad
250 2922 302 2963 me
325 2914 476 2965 tractatus
507 2904 667 2983 quosdam
698 2904 811 2983 plenos
834 2904 979 2984 prolecto
1014 2903 1158 2966 subdolis
1189 2913 1220 2964 et
1244 2904 1417 2983 hypocritis
1448 2903 1584 2978 fallaciis,
1607 2915 1639 2966 et

187 3008 241 3087 qui
271 3007 360 3070 facile
393 3010 557 3088 potuerint
590 3011 716 3070 animos
746 3008 937 3088 simplicium
971 3008 1125 3087 pellicere.
1164 3006 1371 3088 Quamquam
1405 3008 1490 3069 enim
1524 3026 1638 3086 pamm

187 3111 292 3173 adhuc
315 3111 445 3174 intuitus
468 3131 526 3174 eos
549 3111 669 3187 luerim,
699 3115 805 3174 notavi
839 3124 946 3174 tamen
976 3114 1095 3192 passim
1119 3116 1198 3174 inter
1229 3112 1322 3174 mella
1352 3131 1523 3190 erumpens
1547 3114 1638 3187 virus,

187 3227 221 3276 ut
244 3215 301 3276 tibi
323 3214 404 3277 sorte
428 3217 569 3295 aperiam
593 3235 834 3296 nonnunquam,
858 3217 929 3278 licet
952 3236 1155 3297 nequaquam
1179 3215 1323 3277 dubitem
1346 3216 1377 3277 id
1393 3216 1448 3277 tibi
1472 3226 1503 3277 et
1518 3214 1637 3277 clarum

186 3330 362 3381 etcertum
385 3338 464 3381 esse.
487 3320 638 3381 Parentes
661 3322 723 3381 mei
746 3331 786 3393 et,
810 3339 890 3400 quas
913 3319 1065 3395 salutasti,
1092 3340 1185 3383 soror
1207 3322 1339 3400 eiusque
1369 3319 1431 3380 filia
1461 3339 1639 3401 eorumque

184 3425 345 3506 coniuges
375 3424 575 3508 singulariter
605 3424 719 3487 doctor
753 3423 962 3507 Keisersberg
990 3425 1110 3486 humile
1140 3426 1333 3505 obsequium
1363 3435 1395 3485 et
1418 3426 1553 3506 gratiam
1577 3445 1636 3503 pro

186 3531 372 3590 muneribus
393 3529 524 3592 habent.
555 3527 753 3590 Fridericum
776 3531 874 3590 etiam
905 3540 936 3590 et
966 3527 1167 3608 Stephanum
1199 3528 1319 3591 salvere
1342 3530 1425 3590 iube.
1462 3527 1553 3588 Vale.
1587 3527 1639 3588 Ex

185 3631 362 3714 Argentina
386 3631 432 3693 lV
456 3631 531 3694 ldus
553 3631 641 3712 Sept.
664 3651 751 3694 anno
775 3633 867 3697 1487.

274 3801 375 3855 Vlistu
393 3806 489 3857 nalem
509 3803 616 3856 nazvltn
634 3803 777 3856 Bohuslav
796 3802 971 3871 kralovsky‘m
991 3804 1168 3866 selnetalem,
1187 3802 1343 3872 spravneli,
1363 3801 1487 3864 nevlme;
1505 3801 1552 3869 jen
1571 3801 1639 3855 tolih

184 3889 211 3957 je
228 3888 303 3956 jisto,
323 3888 354 3942 ie
373 3907 390 3941 v
402 3897 449 3942 ten
469 3891 518 3942 das
537 3889 619 3958 plisel
638 3892 670 3942 ke
690 3891 785 3942 dvoru.
805 3890 866 3942 Dne
887 3890 927 3942 14.
940 3891 1077 3943 dervense
1098 3889 1164 3940 1489
1183 3889 1346 3942 nachazlme
1364 3887 1401 3955 jej
1422 3889 1580 3956 piisedlcim
1595 3890 1639 3941 lio·

188 3976 316 4029 mornlho
335 3976 424 4029 soudu
449 3977 563 4043 (Archiv
583 3963 672 4045 Cesky'
692 3977 738 4039 IX,
757 3975 825 4043 501).
855 3977 917 4029 Kdo
936 3975 982 4044 byl
1002 3976 1101 4029 »frater
1118 3976 1278 4038 Nicolaus«,
1299 3974 1381 4042 jehoi
1406 3982 1474 4027 smrt
1492 3993 1509 4026 v
1529 3975 1590 4027 liste
1609 3993 1638 4027 se

186 4061 342 4129 oznamuje‚
362 4064 480 4124 nevime‚
500 4063 568 4115 snad
588 4063 686 4131 nejaliy'
707 4063 827 4131 prosluly
846 4063 1018 4131 poustevnlk.
1050 4063 1178 4131 Dotdeny
1199 4063 1309 4131 plelrlad
1329 4062 1372 4114 del
1393 4063 1584 4130 Platonovich
1603 4063 1637 4114 od

184 4149 303 4217 jakehos
321 4151 370 4218 pr5¹
384 4150 405 4201 F
407 4151 556 4203 lorendana
572 4148 627 4216 jest
645 4150 757 4218 pielrlad
772 4149 892 4202 Marsilia
905 4151 927 4201 F
929 4149 1010 4212 icina,
1029 4151 1139 4217 vydany'
1153 4148 1248 4217 nejprv
1260 4148 1311 4200 bez
1324 4149 1437 4201 vroieni
1456 4166 1490 4201 ve
1503 4149 1641 4201 Florenci.

186 4235 308 4304 (Vyddnl
326 4245 356 4289 to
374 4237 425 4289 zde
444 4237 565 4293 minino.
585 4235 676 4289 adholi
696 4236 795 4288 Schott
814 4253 843 4288 se
863 4235 939 4305 my'lil
958 4237 1014 4298 lla,
1034 4236 1101 4289 ie'v
1118 4235 1232 4303 jednom
1257 4235 1374 4296 svazlru;
1405 4235 1490 4288 nebol
1516 4236 1639 4304 podruhe

184 4324 268 4392 vyslo
287 4340 304 4373 v
317 4323 481 4376 Benatliach
499 4339 520 4375 r.
541 4322 627 4391 1491.)

894 4536 940 4599 18.

517 4672 737 4747 Bohuslav
759 4673 912 4767 Janovi
942 4674 980 4773 (z
1000 4672 1304 4771 Domaslavei)

275 4826 391 4894 (ΜΘΗ)
409 4810 493 4890 Zarin,
512 4825 565 4894 aby
585 4844 631 4879 mu
644 4825 751 4893 zjednal
770 4826 897 4879 moinost
911 4826 1014 4894 lroupiti
1029 4827 1064 4880 od
1077 4827 1192 4880 Bastlna
1204 4826 1300 4895 pravnl
1314 4825 1399 4879 knihu
1413 4825 1524 4888 deslrou,
1543 4825 1639 4876 kterou

187 4931 234 4967 mu
253 4921 332 4967 tento
349 4914 478 4967 nedAvno
497 4912 542 4982 byl
561 4913 652 4981 pnjtit
671 4915 814 4982 ponevadi
832 4915 973 4976 nenaleza,
993 4914 1046 4966 kdo
1065 4914 1102 4983 by
1122 4933 1169 4967 mu
1185 4913 1205 4980 ji
1225 4913 1341 4982 plepsal.
1361 4913 1440 4980 (Luc.
1459 4911 1511 4978 55).

273 5091 409 5173 Johanni
433 5112 492 5154 suo
516 5114 538 5155 s.
562 5112 592 5172 p.
616 5092 647 5153 d.
669 5091 774 5166 Liber,
797 5095 828 5152 in
851 5112 917 5171 quo
940 5095 1006 5153 iura
1029 5094 1116 5174 regni
1139 5093 1240 5152 nostri
1262 5101 1293 5152 et
1316 5089 1467 5170 pleraque
1489 5087 1551 5150 alia
1574 5107 1639 5149 me-

188 5208 316 5259 moratu
339 5196 437 5278 digna
458 5199 659 5259 continentur
682 5202 792 5276 (quern
817 5196 892 5257 mihi
915 5215 1016 5275 nuper
1032 5196 1194 5257 Basstinns
1217 5206 1248 5256 te
1271 5205 1383 5256 autore
1398 5189 1640 5277 commodavit),

187 5320 387 5385 magnopere
410 5321 461 5363 me
477 5301 628 5365 delectat:
652 5301 710 5362 sed
733 5302 901 5374 librarium,
926 5302 979 5382 qui
995 5300 1079 5362 hunc
1095 5303 1263 5376 exscribat,
1286 5319 1353 5362 non
1369 5301 1504 5362 invenio
1528 5298 1639 5379 ltaque

1449 5434 1484 5490 2*
