3696 5836
811 380 900 443 1508
1529 380 1581 437 189

129 593 216 647 silebo
234 611 252 646 v
270 592 444 662 Augsburku‚
460 592 507 661 jalr
525 610 556 646 se
574 592 634 657 zell,
652 593 784 661 polizeno
806 592 877 660 jeite
899 609 932 646 za
950 591 1041 646 iivota
1059 592 1255 663 Bohuslavova
1272 590 1402 660 (nejsplse
1420 591 1482 660 peel
1500 592 1580 646 Adel·

130 697 291 733 mannovou
314 697 332 732 v
349 679 534 748 Augsburlru).
564 679 724 748 Epigramm
749 679 878 742 sternar,
898 696 914 731 o
933 678 1015 731 nemi
1039 697 1056 731 v
1075 678 1139 732 listu
1164 679 1220 732 tint
1245 697 1275 732 se
1300 680 1418 741 zmlnlra,
1437 680 1579 748 nesleduje

128 785 147 820 u
165 767 259 819 Mitisa
278 767 361 819 ihned
380 783 414 820 za
432 766 532 820 liutem.
551 766 654 819 Pisatel
673 766 746 829 listu,
765 767 827 818 dlen
846 775 865 819 t.
878 783 920 818 zv.
939 765 1055 834 druiiny
1074 764 1214 833 Dunajslre
1233 766 1377 833 (sodalitas
1396 765 1580 833 Danubium),

128 872 146 904 v
155 852 258 922 jejlchi
276 853 438 922 Episodilch
456 852 643 921 (vytistenych
662 852 702 922 pii
721 853 873 921 Apuleiove
892 851 1069 920 kosmograsri
1088 870 1103 905 z
1121 870 1141 906 r.
1157 851 1234 921 1497)
1252 853 1359 921 nazyva
1378 870 1408 906 se
1425 854 1486 922 Joh.
1506 854 1579 907 Stur-

128 940 212 993 linius
236 941 270 993 de
290 940 504 1003 Schmalkaldia‚
523 939 606 1009 byval
629 940 705 992 dilve
729 939 860 993 ueitelem
884 940 1012 992 mladeho
1031 939 1152 992 Kristola
1176 939 1362 1002 zWeitmile‚
1381 947 1475 1008 potom
1500 939 1580 1010 prijat

129 1045 165 1081 na
177 1026 339 1081 Hasisteine
358 1045 391 1080 za
408 1027 510 1081 ueitele
528 1026 676 1080 bratrovcd
689 1026 930 1094 Bohuslavovy'ch,
947 1025 991 1093 jei
1008 1027 1145 1094 vyudoval
1160 1025 1232 1093 jeste
1247 1043 1283 1094 po
1296 1026 1373 1079 smrti
1388 1027 1580 1080 Bohuslavove

129 1113 229 1183 nejalry
248 1117 305 1167 das.
324 1114 457 1166 Konedne
478 1113 532 1167 mel
551 1113 719 1166 soulrromou
737 1114 816 1167 ilrolu
832 1113 930 1181 jalrous
949 1131 966 1164 v
985 1113 1094 1166 saskem
1113 1112 1289 1166 Annaberlru.

823 1396 894 1459 162.

392 1533 473 1628 Jan
501 1533 679 1607 Sturnus
708 1533 958 1607 Bernhardu
987 1533 1310 1607 Adelmannovi.

215 1701 405 1762 lllatlllolna
423 1702 489 1760 1508
502 1736 535 1743 -
548 1705 593 1762 26.
614 1718 685 1777 prus.
704 1705 793 1758 Hlede
813 1705 828 1758 lr
847 1704 989 1774 platelstvl
1005 1705 1071 1774 jeho
1090 1705 1307 1760 kBohuslavovi
1326 1706 1414 1774 poelli
1433 1723 1480 1758 mu
1498 1706 1580 1759 tehoi

128 1789 186 1859 spis
207 1791 256 1844 »de
275 1790 417 1856 avaritia«,
429 1799 525 1862 potom
543 1791 629 1845 basell
649 1790 805 1860 vyzyvajlcl
824 1791 934 1844 kuliata
953 1791 1115 1845 lrlestanslra
1134 1793 1166 1845 lre
1186 1792 1316 1862 spoledne
1335 1793 1414 1845 valce
1432 1792 1503 1861 proti
1516 1793 1583 1846 Tur·

129 1876 204 1940 hum,
222 1876 276 1947 aby
295 1877 348 1931 obe
366 1879 458 1948 vydal.
476 1879 562 1947 (Farr.
580 1877 651 1946 205.)

212 2034 350 2100 Sturnus
372 2021 560 2101 Bemhardo
582 2037 790 2100 Adelmanno
813 2037 883 2099 sd.
907 2037 1014 2117 Quam
1037 2040 1159 2101 sincera
1181 2057 1345 2119 quamque
1369 2048 1494 2100 vetusta
1518 2039 1587 2111 tibi,

127 2139 299 2203 clarissime
318 2141 531 2217 Adelmanne‚
554 2161 628 2204 cum
651 2141 813 2205 Bohuslao
836 2153 949 2204 nostro
972 2153 1020 2203 est
1043 2144 1189 2216 amicitia,
1212 2153 1308 2204 etex
1332 2145 1451 2205 mutuis
1472 2144 1584 2204 vestris

129 2245 225 2306 literis
247 2256 280 2307 et
303 2249 456 2326 preciosis
479 2246 581 2321 donis,
604 2248 751 2308 certatim
782 2247 916 2308 invicem
946 2248 1058 2321 missis,
1081 2265 1245 2328 cognosco
1275 2257 1307 2307 et
1334 2249 1366 2307 in
1389 2245 1457 2308 dies
1482 2247 1583 2328 magis

129 2351 295 2430 magisque
321 2350 489 2431 perspicio.
524 2349 790 2413 Iucundissimum
813 2352 880 2413 visu
904 2360 960 2425 est,
984 2369 1082 2430 quam
1111 2349 1271 2420 concordi.
1295 2369 1391 2431 quam
1422 2349 1582 2412 benevolo

129 2464 161 2515 et
175 2454 265 2514 suavi
278 2455 375 2516 etiam
391 2465 488 2535 atque
510 2456 634 2516 sincero
657 2464 689 2516 et
711 2454 851 2535 denique
874 2473 973 2535 quam
997 2472 1061 2516 uno
1085 2454 1152 2516 sitis
1174 2456 1282 2516 animo
1298 2455 1466 2516 coniuncti.
1490 2453 1582 2514 Prae

130 2556 237 2619 dicent
260 2558 311 2620 alii
324 2557 442 2620 Thesei
465 2578 538 2620 cum
560 2559 709 2634 Pirithoo,
724 2557 848 2622 Orestis
870 2578 944 2621 cum
960 2557 1079 2636 Pylade
1102 2558 1303 2637 aliorumque
1324 2558 1356 2619 id
1379 2576 1482 2639 genus
1504 2559 1581 2618 ami-

130 2680 240 2722 corum
255 2663 532 2724 coniunctissimas
548 2664 744 2726 voluntates:
768 2683 829 2746 ego
853 2675 947 2738 certe,
967 2665 992 2723 si
1009 2661 1086 2742 quid
1108 2662 1242 2744 dignum
1266 2661 1368 2723 doctis
1385 2681 1436 2722 me
1452 2663 1581 2723 auribus

127 2765 320 2828 confiderem
337 2764 496 2841 daturum,
511 2785 571 2845 pro
586 2767 663 2828 virili
687 2787 760 2828 meo
776 2766 970 2830 Adelmanni
987 2777 1018 2828 et
1035 2766 1184 2828 Bohuslai
1208 2768 1380 2827 amicitiam
1404 2767 1580 2847 priscorum

127 2867 251 2930 illorum
275 2872 419 2932 omnium
442 2889 554 2932 amore
576 2874 753 2932 arctissimo
777 2870 981 2932 ostenderem
1005 2874 1181 2932 arctiorem.
1204 2869 1297 2950 Quae
1320 2890 1371 2931 res
1393 2889 1467 2930 cum
1487 2871 1581 2931 irase

127 2972 251 3047 habeat,
275 2974 445 3037 arbitratus
475 2995 542 3036 rem
573 2974 735 3057 indignam
766 2975 888 3036 latitare
912 2974 1061 3036 Bohuslai
1093 2976 1191 3036 nostri
1223 2994 1324 3054 penes
1352 2994 1403 3036 me
1426 2974 1581 3055 quiddam

127 3076 298 3160 egregium,
322 3076 411 3156 quod
434 3080 499 3153 tibi,
523 3078 751 3139 humanissime
773 3076 985 3152 Adelmanne,
1009 3089 1043 3139 ut
1067 3088 1192 3139 caetera
1221 3081 1289 3141 eius
1320 3081 1428 3140 omnia
1454 3096 1519 3138 non
1543 3079 1582 3138 sit

127 3198 308 3255 commune,
330 3181 416 3244 hunc
446 3184 557 3244 iccirco
581 3185 649 3243 eius
678 3184 886 3262 nuncupatim
909 3183 984 3243 mihi
1008 3182 1148 3244 dicatum
1172 3182 1213 3243 de
1236 3185 1365 3245 avaritia
1388 3183 1501 3244 librum
1526 3202 1583 3242 no·

128 3285 202 3345 mini
225 3295 283 3346 tuo
307 3287 494 3366 inscriptum
516 3287 573 3348 tibi
596 3288 697 3347 mitto.
721 3284 881 3347 Libellum
905 3305 1036 3366 quoque
1059 3286 1187 3349 heroico
1211 3288 1362 3366 scriptum
1385 3289 1534 3359 carmine,
1550 3289 1582 3346 in

127 3406 191 3467 quo
207 3384 405 3451 Christianos
419 3392 576 3469 principes
599 3388 641 3451 ad
664 3389 784 3452 bellum
807 3402 919 3453 contra
935 3389 1057 3452 Turcas
1080 3391 1233 3467 hortatur,
1249 3391 1350 3453 adieci
1374 3392 1469 3453 etiam
1485 3402 1583 3469 atque

126 3493 223 3552 etiam
253 3511 350 3555 orans
379 3512 418 3556 ac
447 3513 573 3577 rogans
596 3506 631 3556 ut
657 3497 784 3574 utrique
814 3496 845 3556 in
877 3493 1040 3574 publicum
1072 3493 1172 3578 (digni
1203 3515 1345 3575 namque
1374 3506 1457 3569 sunt,
1480 3504 1515 3555 ut
1538 3494 1581 3555 ab

128 3597 280 3659 omnibus
302 3593 460 3680 legantur)
483 3609 541 3660 tuo
564 3600 707 3678 auspicio
738 3597 868 3677 prodire
897 3598 998 3661 liceat.
1035 3599 1069 3660 ln
1093 3619 1159 3679 quo
1182 3601 1312 3661 minime
1339 3599 1466 3660 dubites
1487 3598 1582 3658 velini

126 3700 376 3783 gratificaturum
398 3712 430 3763 te
454 3701 557 3765 doctis
581 3704 740 3778 omnibus
765 3703 839 3764 mihi
863 3722 939 3765 vero
962 3703 1127 3784 singularis
1157 3706 1254 3764 etiam
1285 3703 1527 3765 benevolentiae
1549 3705 1581 3763 in

126 3825 178 3868 me
192 3817 268 3868 tuae
282 3806 461 3886 praestabis
476 3826 543 3869 non
559 3806 721 3869 mediocre
741 3809 968 3869 testimonium.
994 3806 1076 3868 Vale
1092 3808 1228 3870 leliciter.
1252 3806 1373 3869 Datum
1390 3805 1581 3867 Hasistenae

127 3910 178 3975 26.
201 3908 391 3972 Decembris
416 3910 507 3976 1508.

194 4079 305 4148 Vydanl
323 4080 397 4133 dvou
415 4097 433 4132 v
445 4081 510 4134 lietu
528 4081 696 4148 zmlnenych
715 4079 791 4150 spisu
805 4080 1037 4148 Bohuslavovy'ch
1057 4081 1065 4133 i
1082 4080 1178 4149 jiny'ch
1198 4082 1280 4145 dvou,
1294 4082 1369 4135 lrtere
1388 4082 1505 4150 poslAny
1521 4097 1581 4134 sou·

124 4167 210 4218 dasne
229 4165 415 4235 Augustinovi
440 4165 669 4230 Olomouckemu
694 4167 825 4235 poilzeno
850 4167 989 4234 spoleene,
1011 4166 1060 4236 jak
1078 4185 1095 4219 v
1114 4169 1266 4235 poznAmce
1290 4168 1389 4221 klistu
1408 4167 1582 4235 piedeilemu

126 4252 272 4307 dololeno.
290 4252 426 4321 ZvydAnl
445 4252 512 4304 toho
531 4251 539 4304 i
559 4252 623 4321 listy
642 4257 709 4305 uase
728 4253 782 4306 oba
801 4253 808 4305 i
829 4253 905 4322 spisy
924 4253 1122 4322 Bohuslavovy
1137 4254 1219 4307 otislrl
1238 4265 1331 4323 potom
1346 4254 1429 4315 Mitis,
1443 4253 1583 4307 nezmlnlv

124 4356 156 4392 se
176 4339 250 4406 nljak
267 4356 284 4392 o
303 4346 392 4392 tomto
410 4339 512 4391 starem
536 4338 618 4402 tislru,
637 4356 652 4392 z
671 4340 761 4392 ndhoi
780 4341 881 4409 derpal.

825 4623 892 4685 163,

551 4758 771 4833 Bohuslav
793 4757 945 4853 Janovi
974 4782 996 4831 z
1026 4759 1166 4856 Pibry.

213 4927 234 4983 Ζ
254 4926 409 4985 llasldlolna
428 4928 522 4996 (tous)
536 4959 569 4968 -
582 4931 627 4986 27.
647 4944 718 5000 pros.
743 4929 840 4982 ehvall
860 4928 952 4996 spiselr
969 4929 1035 4996 jeho
1054 4947 1070 4981 o
1089 4948 1128 4983 sv.
1147 4931 1268 4994 Aneice,
1287 4930 1354 4984 sobe
1373 4932 1495 4998 zaslany',
1514 4930 1522 4981 i
1541 4930 1584 4982 sli-

125 5014 198 5082 buje‚
211 5016 242 5069 le
255 5014 324 5068 sloil
337 5016 457 5085 hymnus
470 5017 486 5069 k
499 5017 559 5069 tede
573 5016 672 5070 svetici
691 5017 788 5069 slolrou
807 5016 957 5084 sapficlrou,
971 5016 1003 5069 ai
1017 5016 1089 5069 bude
1103 5017 1165 5086 kdy.
1184 5019 1264 5085 (Luc.
1279 5018 1336 5080 ltu,
1351 5015 1501 5084 Vinaiiclry'
1516 5015 1584 5083 102.)

212 5174 327 5256 Joanni
358 5195 417 5238 suo
448 5175 489 5237 dc
513 5177 605 5237 Pibra
629 5197 651 5238 s.
676 5197 705 5255 p.
729 5176 758 5237 d.
797 5176 912 5239 Laudo
944 5176 1145 5255 prudentiam
1177 5188 1265 5239 tuam
1296 5189 1328 5238 et
1358 5187 1389 5238 te
1418 5176 1582 5237 hominem

127 5281 272 5341 omnium
296 5278 447 5340 horarum
472 5280 585 5353 iudic0,
602 5292 715 5360 utpote
739 5283 792 5360 qui
809 5293 840 5341 te
855 5280 933 5341 locis
956 5281 1220 5359 temporibusque
1243 5279 1491 5342 accommodare
1515 5282 1582 5340 scis
