3660 5850
268 366 321 420 2oe
388 432 392 440 .

267 589 446 660 asperatur;
477 599 543 641 non
573 589 621 642 est
652 582 683 641 in
706 600 746 643 eo
770 591 803 642 ut
827 583 858 642 in
881 578 1043 660 plerisque
1073 576 1140 639 aliis
1171 575 1309 639 subdola
1340 575 1528 651 humanitas,
1552 576 1616 656 qui,
1643 575 1725 638 dum

266 685 394 765 benigni
415 682 512 745 videri
535 683 654 758 volunt,
669 682 758 763 plura
781 683 977 764 pollicentur,
994 701 1092 762 quam
1115 691 1170 743 aut
1193 691 1365 760 praestant,
1380 691 1438 742 aut
1459 691 1622 759 praestare
1647 699 1725 760 pos·

266 801 347 850 sunt.
384 786 546 869 Quicquid
569 787 618 848 hic
641 787 755 850 dixerit
785 789 1012 866 promiseritve‚
1035 785 1119 848 adeo
1149 795 1236 848 certa
1265 794 1349 860 sunt,
1372 802 1409 846 ac
1438 786 1465 847 si
1495 803 1539 846 ex
1560 782 1724 866 Apollinis

267 892 397 955 oraculo
422 889 468 974 (ut
492 899 608 972 poetae
631 889 731 973 aiunt)
754 901 966 955 emanassent.
1002 888 1128 969 Quibus
1159 890 1303 952 moribus
1332 889 1394 950 hoc
1417 898 1582 951 assecutus
1603 899 1665 963 est,
1689 898 1724 950 ut

266 997 353 1077 apud
370 1015 483 1058 omnes
498 999 642 1058 omnium
659 996 806 1058 ordinum
822 996 969 1058 homines
991 1014 1095 1076 aeque
1117 997 1275 1076 gratiosus
1294 1003 1387 1055 esset.
1409 991 1531 1056 Amant
1545 992 1724 1068 hominem,

266 1100 406 1175 laudant,
429 1100 634 1176 admirantur,
658 1101 702 1162 ob
733 1103 879 1162 virtutem
910 1102 942 1161 in
971 1101 1099 1162 coelum
1137 1099 1253 1173 ierunt;
1285 1097 1335 1159 ille
1365 1117 1400 1159 se
1430 1096 1568 1177 denique
1596 1097 1724 1159 felicem

266 1215 367 1287 putat,
390 1224 487 1286 quem
510 1208 536 1266 is
559 1207 695 1266 amicitia
726 1225 784 1266 sua
813 1204 968 1286 dignatur.
1006 1203 1076 1266 Nec
1105 1205 1223 1276 iniuria,
1247 1200 1511 1284 quandoquidem
1537 1204 1656 1264 virtute
1679 1203 1725 1263 in·

266 1311 384 1371 vidiam
407 1312 574 1390 superavit.
604 1308 799 1390 Quanquam
823 1311 970 1370 inventus
992 1319 1040 1370 est
1063 1310 1245 1390 nupenime
1275 1309 1397 1370 iuvenis
1426 1309 1534 1369 nescio
1563 1308 1646 1387 quis,
1669 1309 1725 1386 qui

266 1417 342 1476 satis
358 1413 560 1493 impudenter
582 1433 657 1475 eum
679 1414 885 1475 lacessiverit;
907 1421 1070 1474 caeterum
1093 1414 1255 1474 temeritas
1277 1431 1335 1473 sua
1357 1430 1423 1473 non
1445 1429 1538 1474 secus
1560 1409 1603 1472 ab
1617 1409 1725 1472 homi-

266 1520 359 1580 nibus
374 1520 460 1579 irrisa
484 1529 654 1599 estquam
678 1520 703 1579 si
719 1516 881 1579 Thersites
896 1515 1054 1578 Achillem
1076 1516 1118 1578 ad
1141 1515 1299 1598 singulare
1322 1525 1483 1578 certamen
1506 1525 1724 1594 provocasset

268 1623 358 1684 Haec
375 1622 415 1683 de
429 1621 554 1702 Joanne
571 1623 706 1683 breviter
729 1620 816 1701 apud
840 1631 871 1682 te
893 1639 1149 1682 commemorare
1164 1620 1262 1695 libuit,
1278 1623 1333 1701 qui
1356 1638 1434 1682 suae
1455 1621 1580 1682 virtutis
1594 1628 1628 1680 et
1644 1619 1726 1680 inte-

266 1728 387 1808 gritatis
409 1729 550 1787 maxime
573 1728 720 1788 conscius
742 1744 785 1795 es,
809 1744 875 1786 non
898 1723 1049 1786 laudandi
1076 1743 1151 1786 eum
1174 1726 1284 1786 animo
1308 1721 1427 1804 (neque
1449 1725 1535 1784 enim
1557 1722 1609 1784 hic
1632 1722 1726 1785 locus

266 1830 398 1892 laudum
422 1849 552 1892 suarum
576 1826 637 1912 est)
668 1830 725 1892 sed
757 1829 799 1891 ad
829 1827 1072 1912 coarguendum
1102 1847 1167 1902 eos,
1190 1828 1308 1908 quibus
1338 1838 1485 1907 tempora
1508 1838 1619 1889 nostra
1643 1826 1726 1905 plus,

267 1953 365 2013 quam
389 1944 546 2013 oporteat,
570 1936 669 1995 invisa
692 1945 780 1996 sunt:
812 1952 895 2013 quos
918 1952 980 2016 ego
1004 1933 1149 2011 prolecto
1173 1951 1247 1994 cum
1269 1931 1455 1994 huiusmodi
1478 1932 1624 1994 moribus
1648 1930 1726 1993 nihil

266 2059 286 2100 a
300 2038 440 2100 Timone
455 2037 516 2112 illo,
533 2041 586 2118 qui
603 2037 714 2099 odium
731 2037 861 2099 humani
877 2038 1002 2120 generis
1024 2036 1204 2117 appellatus
1227 2048 1282 2111 est,
1299 2035 1426 2098 differre
1447 2036 1591 2097 arbitror.
1628 2034 1723 2097 Vale.

349 2244 400 2313 Jan
412 2260 427 2296 z
441 2229 592 2296 Selnberlra
610 2242 656 2310 byl
675 2242 826 2312 nejvysslm
846 2241 1003 2295 kancleiem
1023 2241 1138 2310 deslrym
1159 2239 1339 2294 1479-1503.
1359 2240 1491 2294 Nadliend
1509 2238 1611 2293 ehvaln
1623 2256 1643 2292 v
1655 2238 1725 2292 lietu

265 2338 354 2383 tomto
373 2347 419 2382 mu
439 2329 545 2381 vzdana
565 2329 646 2396 nejen
665 2346 695 2382 se
714 2329 876 2383 stanovislra
894 2328 1056 2398 pisatelova‚
1073 2327 1166 2397 jemui
1186 2329 1335 2381 oslavenec
1348 2326 1420 2397 vldy
1438 2326 1521 2396 byval
1539 2324 1726 2395 pilznivcem

267 2414 352 2484 nybri
371 2416 379 2468 i
398 2433 434 2468 na
452 2416 538 2469 soude
557 2415 696 2483 dejinnem
713 2415 770 2483 jevl
789 2433 818 2469 se
837 2416 895 2485 beri
914 2415 1108 2484 spravedlivou
1120 2416 1223 2482 (srovn.
1236 2414 1393 2468 Palaclreho
1411 2415 1445 2478 V,
1459 2414 1483 2477 1,
1500 2411 1573 2481 362).
1593 2413 1727 2467 Oadres·

267 2510 329 2556 satu
347 2502 391 2555 viz
415 2502 572 2571 poznamlru
588 2502 612 2562 ,k
631 2502 694 2556 listu
712 2503 755 2557 21.
786 2504 893 2572 Zprdvu
912 2504 1078 2573 Sauppeovu
1102 2509 1159 2555 tam
1184 2502 1339 2565 uvedenou‚
1358 2501 1389 2556 ie
1411 2500 1499 2555 Pedlk
1520 2499 1607 2568 bynu
1633 2508 1727 2568 proto·

268 2590 392 2642 notarem
412 2607 429 2640 v
448 2589 591 2643 kralovslre
611 2590 757 2653 kanceldii,
777 2590 828 2643 zda
847 2606 877 2642 se
897 2589 942 2643 list
958 2597 1037 2643 tento
1055 2588 1216 2642 ztvrzovati.
1235 2589 1320 2642 Podle
1338 2590 1406 2642 toho
1424 2586 1574 2656 prindere}
1592 2585 1632 2656 by
1651 2587 1726 2640 dobe

269 2678 334 2746 pred
353 2694 374 2730 r.
395 2676 469 2739 1494,
487 2695 542 2730 ano
560 2678 626 2746 pled
645 2696 665 2731 r.
680 2676 755 2740 1487,
774 2677 905 2731 kterehol
924 2679 992 2731 roku
1011 2677 1152 2730 Bohuslav
1169 2676 1252 2745 piisel
1270 2676 1304 2730 lie
1322 2676 1418 2739 dvoru,
1437 2673 1617 2744 lrdybychom
1638 2674 1727 2728 chteli

268 2783 298 2818 se
311 2764 473 2828 domnivati‚
486 2763 517 2816 ie
530 2764 727 2833 panegyrilrem
747 2765 797 2818 tlm
817 2765 915 2833 pisatel
933 2765 1027 2833 plizne
1046 2764 1214 2832 kancleiovy
1227 2763 1317 2817 hledet
1336 2760 1442 2816 zlslratr'.
1462 2760 1594 2829 Urcitejst
1607 2762 1728 2815 vrodenl

269 2852 333 2920 bylo
356 2851 392 2920 by
410 2852 451 2904 lze
476 2851 596 2919 poloiiti
622 2851 798 2921 ldybychom
823 2852 895 2905 znali
920 2852 1013 2906 onoho
1038 2870 1055 2904 v
1074 2851 1139 2905 listu
1163 2849 1342 2919 poktrantho
1366 2848 1488 2903 mladika
1510 2848 1727 2917 prostorekeho,

269 2939 348 3008 kter>¹¹
367 2938 496 2992 kanclele
514 2939 564 3008 pri
584 2939 711 2992 neddvno
729 2938 880 3007 podrdidil.

962 3237 1033 3301 169.

293 3391 513 3466 Bohuslav
542 3392 599 3465 M.
625 3393 878 3488 Prokopovi,
907 3390 1034 3488 plsaii
1063 3389 1241 3464 Stareho
1270 3391 1407 3464 mesta
1435 3388 1698 3465 Praiskeho.

353 3579 503 3648 Vyslovuje
523 3580 627 3643 ladon,
647 3578 701 3648 aby
715 3597 761 3633 mu
780 3579 878 3647 opatiil
897 3579 971 3633 stare
990 3579 1106 3649 kronilry
1125 3597 1142 3633 a
1159 3579 1279 3649 letopisy
1298 3579 1389 3634 desire.
1406 3579 1499 3647 (Nova
1511 3577 1592 3648 epist.
1606 3596 1673 3649 app.
1685 3578 1729 3645 27,

267 3666 417 3735 Vinaiiclry'
435 3666 489 3733 35.)

352 3843 507 3923 Magistro
530 3842 687 3923 Procopio
710 3844 832 3904 scribae
855 3845 968 3905 veteris
991 3846 1121 3905 civitatis
1144 3844 1312 3925 Pragensis
1335 3862 1359 3904 s,
1382 3841 1412 3904 d.
1436 3839 1591 3905 Delector
1608 3845 1729 3905 mirum

265 3950 295 4008 in
321 3948 454 4009 modum
479 3967 578 4028 quum
603 3949 689 4008 omni
713 3949 900 4026 antiquitate
924 3959 992 4009 tum
1009 3949 1150 4009 maxime
1174 3950 1356 4030 cognitione
1372 3966 1484 4008 earum
1498 3966 1618 4022 rerum,
1642 3967 1730 4027 quae

264 4054 365 4130 patria
388 4053 429 4112 ab
453 4051 588 4112 exordio
612 4053 658 4111 sui
675 4070 770 4130 passa
793 4063 849 4123 est,
873 4070 990 4130 nempe
1007 4071 1091 4130 quac
1114 4071 1348 4131 saepenumero
1372 4054 1495 4134 magnis
1511 4051 1730 4115 seditionibus

264 4158 381 4234 agitata
406 4156 504 4215 multa
527 4166 559 4215 et
584 4155 667 4216 bello
692 4166 722 4216 ct
746 4175 825 4234 pace
849 4154 1010 4232 praeclara
1032 4158 1138 4238 gessit.
1162 4155 1258 4217 Tales
1282 4155 1442 4233 historias„
1452 4156 1655 4237 annalesque
1675 4177 1730 4218 me

266 4261 310 4320 tui
341 4261 434 4319 unius
465 4279 563 4336 opera
595 4260 747 4338 consequi
783 4277 878 4336 posse
909 4278 1021 4338 spero:
1056 4271 1087 4321 ct
1118 4279 1239 4339 precor,
1274 4271 1308 4320 ut
1339 4260 1411 4321 huic
1442 4258 1605 4321 desiderio
1642 4281 1730 4335 meu,

265 4375 421 4441 qnantum
446 4362 509 4423 fieri
535 4373 648 4440 potest,
672 4361 838 4423 medearis.
868 4361 934 4422 Vix
958 4365 1043 4423 enim
1067 4362 1126 4424 dici
1151 4373 1266 4442 potest,
1290 4382 1388 4443 quam
1410 4375 1537 4445 gratum
1560 4364 1641 4425 mihi
1665 4366 1731 4427 sac·

264 4477 352 4527 turus
385 4487 426 4538 es,
459 4469 482 4526 si
508 4467 569 4527 lioc
597 4467 656 4527 abs
687 4478 717 4527 te
748 4469 965 4545 impetravero
1000 4464 1135 4528 Caetera
1167 4478 1275 4528 autem
1306 4487 1348 4528 ex
1377 4467 1439 4528 hoc
1470 4459 1546 4529 meo
1573 4466 1730 4549 Philippo

267 4569 484 4651 llamsburgio
508 4590 692 4651 cognosces,
715 4570 806 4631 Vale.

349 4774 439 4826 Tento
459 4775 494 4827 M.
509 4773 616 4841 Prokop
635 4773 680 4842 byl
700 4775 855 4826 lanclelem
876 4775 948 4828 nebo
967 4774 1117 4843 nejvyssim
1137 4776 1256 4843 plsaiem
1275 4774 1384 4828 radnlm
1398 4774 1517 4828 Starkho
1537 4776 1632 4829 mdsta
1646 4778 1730 4831 Prai-

263 4861 349 4913 slreho
368 4861 403 4912 do
421 4879 442 4914 r.
463 4859 537 4924 1198,
557 4861 671 4913 ltereho
690 4862 791 4913 zemiel
809 4862 872 4927 (siu.
893 4862 1049 4914 Palackeho
1068 4863 1101 4923 V,
1120 4861 1144 4923 2,
1164 4860 1233 4928 ⁸204).
1262 4860 1314 4929 Byl
1333 4861 1424 4929 mimi
1443 4860 1562 4914 kalisnlk
1582 4879 1600 4914 a
1621 4864 1729 4932 podpo·

262 4948 339 4999 roval
364 4948 452 5015 snahy
472 4948 498 4999 te
518 4955 612 5015 strany
632 4948 703 5000 mezi
723 4948 856 5016 Praiany‚
875 4948 952 5001 litera
976 4966 996 5001 r.
1018 4948 1084 4999 1453
1103 4966 1119 5000 o
1138 4948 1300 5015 sjednocenl
1319 4967 1332 5000 s
1352 4935 1460 5001 l'ilmem
1480 4947 1629 5003 usilovala.
1655 4952 1728 5018 (Pal.

263 5034 295 5095 V,
310 5034 332 5095 1,
345 5033 415 5099 343.)
432 5034 455 5102 J.
467 5034 576 5102 Jiredelr
596 5052 613 5084 v
626 5033 762 5086 Rulroveti
782 5034 865 5087 zmatl
884 5036 982 5087 tohoto
1001 5035 1127 5102 Prokopa
1145 5034 1258 5103 sjinym
1278 5034 1440 5103 Prokopem,
1460 5034 1541 5103 liter)⁵
1561 5035 1598 5089 od
1620 5054 1643 5092 r.
1658 5038 1731 5091 1440

263 5117 343 5187 byval
363 5120 481 5187 pisalcm
502 5121 744 5189 Novomdstsky'm.
764 5122 924 5175 Doruditele
943 5122 1007 5175 listu
1026 5121 1114 5189 Filipa
1130 5120 1206 5188 jinalr
1225 5120 1369 5174 nezndme.
