3660 5850
281 376 316 432 62
910 376 1002 446 1494„
1020 376 1111 438 1495.

283 587 314 640 ie
333 587 429 656 piltele
449 587 535 641 clrlrvi
554 588 638 641 ziela.
657 587 679 641 Z
698 588 756 641 teto
776 587 887 641 intence
912 587 1045 657 vyplynul
1065 587 1118 652 list,
1137 605 1154 640 o
1170 587 1253 655 jehoi
1274 588 1412 656 spmvnou
1430 587 1546 642 adressu
1565 590 1630 643 nirm
1648 589 1703 658 jde,
1722 608 1738 644 a

286 675 363 743 litery'
382 676 460 728 zcela
479 675 589 728 vhodne
608 692 637 727 se
656 673 711 743 pojl
731 676 746 728 lr
766 675 997 743 piedchirzejiclm
1017 674 1119 738 limum,
1136 675 1180 743 jer
1198 676 1260 727 vice
1279 675 1332 728 neb
1352 676 1433 728 mene
1452 677 1539 729 ritolru
1556 676 1738 731 Viktorinova

286 779 322 815 na
340 762 443 830 papeie
462 780 492 814 se
511 761 642 830 dotykaji,
660 762 702 814 ale
721 762 795 830 nijalr
814 762 955 815 nesouvisi
975 781 988 814 s
1007 763 1109 815 ostatnl
1132 763 1366 830 korrespondencl
1391 763 1608 816 Bolruslavovou
1625 781 1640 816 s
1658 764 1737 817 Adel·

288 866 428 902 mannem.
443 880 473 886 —
488 848 550 901 List
567 856 655 912 tento,
673 850 761 917 psanp
780 866 801 901 r.
821 849 896 911 1494,
913 848 959 916 jak
978 848 1073 901 svedei
1093 848 1212 901 nariika
1230 866 1266 901 na
1284 857 1363 902 cestu
1382 866 1417 917 po
1437 850 1544 918 Egypt&
1567 850 1634 918 pl‘ed
1653 849 1736 918 3lety

287 939 329 1005 (2
352 938 428 991 ltull
448 937 586 999 konanou,
603 935 658 1003 jest
676 936 802 1004 posledni
820 937 920 1004 znamy
940 953 954 987 z
973 938 1047 998 lech,
1064 936 1107 1003 jer
1127 935 1266 987 Bohuslav
1285 934 1458 988 Vilrtorinori
1481 936 1583 1005 poslal;
1602 936 1609 989 i
1628 937 1683 990 zda
1700 954 1737 997 se,

288 1024 319 1077 ie
333 1024 424 1076 nemel
439 1040 474 1075 na
486 1024 628 1076 adressata
647 1022 757 1085 uslukn,
774 1022 876 1090 jairi-ho
888 1022 986 1090 pisatel
1000 1022 1023 1074 si
1036 1023 1107 1090 pial:
1120 1030 1200 1090 proto
1218 1023 1360 1090 platelstvi
1373 1022 1446 1075 obou
1459 1025 1538 1076 vzalo
1551 1024 1622 1092 za'hy
1636 1041 1670 1076 za
1683 1025 1736 1077 sve.

704 1443 923 1516 Bohuslav
945 1442 1099 1537 Janovi
1128 1467 1151 1515 z
1179 1442 1321 1538 Pibry.

375 1615 394 1669 Ζ
414 1614 522 1672 “allani
541 1614 606 1669 1494
626 1645 656 1652 -
675 1614 703 1670 8.
722 1630 815 1685 srpna.
840 1614 952 1682 Vytp'lrit
978 1615 1010 1667 ie
1030 1631 1076 1666 mu
1101 1614 1146 1666 nic
1166 1614 1291 1666 vecneho
1316 1615 1420 1682 nepise,
1440 1613 1502 1681 boje
1524 1631 1555 1666 se
1574 1600 1736 1682 snad'pich-

288 1701 365 1754 nouti
385 1702 420 1753 do
439 1702 538 1754 vosiho
556 1701 666 1754 hnizda.
694 1685 805 1754 Zadane
825 1705 903 1753 verse
922 1699 954 1753 ie
974 1718 1019 1754 mu
1039 1703 1124 1769 polle,
1142 1700 1175 1752 ai
1194 1718 1224 1753 se
1244 1701 1353 1767 najdou,
1372 1701 1456 1753 zatim
1481 1700 1536 1769 aby
1555 1700 1643 1768 radeji
1666 1700 1736 1769 pilne

288 1789 353 1841 eital
373 1789 444 1841 stare
465 1789 593 1856 klassiky.
612 1789 702 1853 (Nova
721 1788 801 1856 epist.
819 1805 880 1856 app.
899 1787 951 1854 41).

367 1962 482 2045 Joanni
505 1963 545 2024 de
568 1963 660 2024 Pibra
676 1984 699 2024 s.
716 1962 746 2024 d.
772 1964 805 2024 ln
828 1963 954 2035 eodem,
978 1984 1044 2045 quo
1067 1978 1169 2037 antea,
1195 1965 1262 2026 luto
1278 1965 1424 2038 haesitas
1444 1962 1597 2044 Joannes.
1622 1963 1736 2044 Neque

282 2071 366 2128 enim
391 2087 532 2146 unquam
555 2066 678 2139 accidit,
702 2079 736 2128 ut
760 2068 878 2128 lromini
899 2069 1038 2129 scribere
1062 2069 1180 2129 volenti
1203 2070 1335 2130 materia
1358 2068 1449 2140 desit,
1472 2066 1736 2150 quandoquidem

283 2172 315 2234 id
338 2172 451 2233 saltem
475 2173 612 2232 seribere
636 2174 736 2249 possit
760 2170 881 2232 nullum
906 2173 1056 2233 usitatum
1080 2191 1181 2253 genus
1204 2172 1245 2233 ad
1269 2172 1475 2234 scribendum
1499 2170 1616 2233 offerri.
1641 2169 1736 2250 Quod

283 2288 392 2338 autem
422 2277 468 2337 ais
496 2277 627 2335 minime
658 2278 800 2336 animum
831 2289 922 2338 tuum
946 2289 1116 2355 propterea
1138 2298 1157 2337 a
1180 2295 1232 2336 me
1255 2277 1426 2338 alienatum
1453 2294 1534 2349 esse,
1557 2294 1665 2355 neque
1687 2294 1736 2335 me

285 2380 402 2441 debere
424 2379 583 2442 silentium
607 2379 668 2440 hoe
691 2381 722 2440 in
745 2380 847 2451 aliam,
871 2400 968 2460 quam
992 2401 1050 2460 par
1072 2393 1129 2454 est,
1152 2392 1276 2460 partem
1304 2382 1506 2458 interpretari,
1530 2377 1642 2440 ludere
1665 2378 1737 2440 mihi

287 2484 409 2558 rideris,
433 2485 553 2563 quippe
576 2485 629 2562 qui
652 2503 690 2544 ea
714 2483 814 2556 diluis,
845 2503 928 2564 quae
959 2502 1055 2546 nemo
1086 2485 1201 2546 obiicit.
1224 2480 1358 2545 Caetera
1380 2494 1488 2545 autem
1512 2502 1683 2561 suspenso,
1704 2494 1737 2545 ut

286 2589 348 2650 diei
377 2587 466 2661 solet,
493 2588 576 2668 pede
606 2591 766 2666 praeteris,
800 2591 889 2667 quasi
920 2589 1042 2663 timeas,
1075 2607 1116 2648 ne
1145 2589 1317 2649 crabrones
1347 2588 1477 2649 forsitan
1506 2587 1680 2648 adversum
1708 2598 1737 2647 te

286 2693 395 2753 irrites.
420 2692 511 2766 Peris,
536 2705 569 2753 ut
586 2711 694 2752 versus
717 2693 878 2772 quosdam
893 2713 912 2752 a
927 2693 1022 2753 nobis
1044 2692 1149 2754 editos
1171 2692 1227 2754 tibi
1251 2693 1388 2754 mittam:
1412 2711 1474 2774 ego
1490 2704 1600 2753 autem
1617 2691 1737 2765 vellem,

284 2808 318 2858 ut
341 2815 405 2856 non
429 2796 534 2858 solum
550 2816 569 2855 a
586 2815 644 2868 me,
668 2797 722 2875 qni
744 2795 819 2857 nilril
842 2815 922 2869 sum,
946 2796 1069 2858 sedab
1092 2797 1243 2858 omnibus
1270 2798 1498 2858 recentioribus
1520 2796 1646 2857 tamdiu
1668 2798 1738 2857 abs-

283 2903 391 2974 tineas,
418 2900 573 2979 quamdiu
595 2901 648 2960 tibi
666 2911 789 2960 veteres
805 2898 846 2959 ad
862 2899 1032 2981 legendum
1049 2910 1228 2979 supersunt,
1250 2903 1402 2979 quoniam
1420 2899 1593 2961 infirmiora
1614 2902 1737 2981 ingenia

282 3017 313 3066 et
344 3004 488 3065 nondum
520 3006 595 3065 certi
626 3003 750 3064 dicendi
781 3006 904 3083 generis
927 3005 986 3064 sibi
1016 3007 1145 3066 conseia
1168 3006 1199 3065 in
1233 3004 1281 3065 his
1304 3004 1399 3086 longe
1429 3006 1528 3066 tutius
1559 3006 1737 3083 quiescunt

282 3107 399 3170 Geram
424 3119 531 3168 tamen
555 3109 610 3168 ribi
635 3127 768 3181 morem,
792 3110 891 3169 sicubi
916 3107 947 3169 id
971 3108 1092 3179 saltem,
1117 3108 1206 3187 quod
1229 3111 1327 3187 cupis,
1351 3110 1477 3188 reperiri
1501 3110 1629 3186 poterit.
1667 3107 1736 3190 Ego

279 3214 363 3272 enim
388 3231 553 3290 nunquam
577 3211 652 3271 milri
677 3224 801 3273 rantum
825 3213 1001 3291 inscriptis
1025 3215 1103 3272 meis
1123 3210 1318 3292 applaudere
1342 3211 1440 3286 soleo,
1464 3223 1499 3273 ut
1522 3211 1630 3294 digna,
1654 3231 1736 3292 quae

278 3318 388 3394 reponi
412 3315 544 3385 soleant,
568 3318 759 3377 existimem.
784 3315 873 3377 Vale.
898 3315 1002 3377 Datne
1025 3313 1175 3378 Cadanae
1201 3335 1287 3378 anno
1304 3329 1378 3394 post
1405 3328 1516 3379 natum
1536 3315 1736 3380 Salvatorem

284 3422 364 3483 lr'rlll
388 3416 456 3501 (sic)
482 3419 669 3501 Augustis.

366 3607 427 3659 List
446 3614 523 3659 tento
542 3624 559 3658 u
579 3606 671 3659 Mitisa
690 3608 735 3659 mal
754 3607 890 3659 nemoine
910 3608 1004 3659 datum
1021 3607 1095 3670 1594,
1114 3625 1159 3675 my
1179 3607 1293 3675 optavili
1309 3607 1381 3676 jsme
1397 3606 1425 3674 je
1444 3624 1480 3660 na
1494 3607 1570 3663 1404.
1591 3608 1733 3677 ponevadi

280 3694 387 3746 zneho
406 3694 525 3762 vyznlva
541 3693 612 3760 jeste
631 3696 711 3761 podle
732 3694 864 3746 domneni
884 3697 990 3746 naseho
1009 3695 1105 3747 elistlra
1124 3695 1150 3746 te
1169 3694 1263 3757 boule,
1283 3695 1359 3747 litera
1378 3712 1395 3745 v
1413 3694 1554 3748 kancelaii
1574 3696 1645 3748 desk
1662 3712 1734 3748 zem-

280 3782 367 3849 slryclr
387 3781 482 3849 zajiste
503 3780 595 3843 zuiila,
615 3781 685 3848 lrdyi
704 3781 749 3849 byl
770 3781 928 3850 mistopisal
949 3781 1075 3834 Viktorin
1094 3783 1198 3845 zvedel,
1218 3782 1312 3834 literali
1338 3782 1489 3850 epigramm
1512 3782 1580 3850 jeho
1600 3784 1670 3851 proti
1690 3801 1733 3851 pa·

280 3868 378 3937 pellim
399 3868 585 3921 Bohuslavovi
611 3886 641 3920 se
664 3869 763 3921 dostal.
791 3870 884 3922 Odtud
903 3887 958 3922 ono
977 3870 1116 3922 odmleeni
1135 3869 1263 3931 l’ibrovo,
1283 3869 1368 3922 odtud
1393 3886 1466 3921 onen
1492 3871 1597 3933 strach,
1615 3869 1669 3938 aby
1688 3887 1732 3922 ne·

281 3957 393 4025 plchnul
412 3958 448 4008 do
466 3957 565 4008 vosllro
585 3957 693 4009 hnizda.

976 4206 1027 4249 Ol).

467 4324 686 4398 Bohuslav
711 4325 940 4399 Martinovi
969 4324 1206 4399 Pollichovi
1234 4325 1552 4399 zMellerstatu.

366 4497 468 4563 (1495.)
492 4496 598 4564 Venuje
623 4497 714 4566 spiselr
739 4497 797 4564 sviij
819 4498 868 4550 »de
887 4497 999 4549 miseria
1024 4498 1172 4550 humana«.
1198 4499 1278 4566 (App.
1296 4497 1375 4565 epist.
1394 4513 1412 4549 a
1428 4496 1487 4565 rkp.
1505 4496 1597 4551 Klem.
1616 4498 1636 4551 l.
1655 4498 1692 4551 D.
1710 4496 1734 4551 li

280 4584 325 4636 lol.
344 4583 397 4650 nl.)

365 4758 546 4823 Clarissimo
569 4766 636 4823 riro
660 4761 798 4823 Martiae
823 4761 997 4824 Mellerstat
1021 4761 1125 4823 ducali
1148 4762 1281 4842 physico
1304 4781 1328 4823 s.
1351 4780 1380 4840 p.
1403 4760 1434 4822 d.
1457 4759 1553 4823 Edidi
1577 4765 1736 4843 proximis

280 4864 327 4926 liis
357 4866 470 4928 diebus
501 4869 627 4928 brerem
662 4867 802 4928 libellum
834 4867 874 4927 de
908 4870 1032 4928 miseria
1065 4868 1221 4929 humana:
1251 4866 1335 4927 hunc
1365 4867 1421 4928 tibi
1452 4866 1632 4928 dicandum
1663 4887 1734 4930 esse

279 4974 393 5049 putari.
417 4973 491 5049 quia
513 4981 545 5031 et
568 4972 727 5032 literarum
752 4991 906 5051 perquam
939 4972 1103 5033 studiosus
1130 4991 1165 5032 es
1188 4982 1221 5032 et
1243 4972 1336 5032 nobis
1358 4971 1501 5050 inprimis
1523 4973 1660 5034 amicus.
1698 4971 1734 5034 Id

279 5073 385 5135 multis
402 5075 522 5136 indiciis
537 5078 684 5155 perspexi
703 5088 770 5137 rum
787 5088 880 5137 antea
895 5088 964 5137 tum
985 5095 1094 5155 nuper,
1117 5074 1250 5155 quando
1264 5075 1359 5136 irater
1374 5092 1465 5137 meus
1483 5072 1631 5156 Joannes
1646 5076 1734 5157 apud

279 5180 453 5258 principem
476 5179 671 5241 Fridericum
696 5193 771 5241 erat.
794 5180 914 5243 Retulit
937 5183 1022 5242 enim
1046 5193 1078 5242 te
1100 5181 1323 5242 honestissime
1346 5178 1389 5240 de
1411 5197 1464 5239 me
1486 5178 1576 5258 loqui
1600 5192 1634 5244 et
1656 5181 1734 5243 mihi

279 5303 322 5345 ex
344 5286 450 5345 animo
474 5283 565 5359 allici,
595 5284 685 5364 quod
708 5283 884 5359 iucundius,
915 5304 1013 5364 quam
1037 5284 1097 5346 dici
1119 5296 1235 5363 potest,
1267 5282 1341 5345 mihi
1365 5283 1429 5358 luit,
1452 5282 1577 5363 tibique
1600 5287 1733 5347 immor-
