3696 5836
196 377 248 433 lffl
876 375 966 437 1507.

196 594 240 667 iri,
269 595 295 654 si
317 602 349 655 te
371 594 593 673 superstitiosa
614 592 695 655 haec
723 590 893 655 solicitudo
925 591 956 653 in
979 609 1014 654 re
1035 592 1170 654 literaria
1199 589 1340 653 curanda
1369 591 1552 673 segniorem
1582 587 1652 649 red-

196 695 318 758 diderit.
354 696 440 758 Libri
470 696 669 769 parisienses,
699 695 742 757 de
772 696 889 775 quibus
912 696 943 757 in
966 695 1071 757 indice
1093 697 1290 757 mentionem
1318 695 1401 768 iacis,
1431 711 1515 772 pene
1537 711 1652 754 omnes

197 800 272 861 mihi
303 811 377 862 sunt
407 811 533 880 praeter
561 799 730 862 Albesium
760 818 857 878 super
879 797 1111 880 Apocalypsim
1141 810 1172 861 et
1202 798 1340 861 Gorram
1371 815 1469 877 super
1499 795 1651 877 epistolas

197 903 283 967 Pauli
306 915 338 965 et
359 901 538 966 Alkindum
561 904 603 965 de
626 906 746 986 origine
770 903 881 965 mundi
905 917 936 964 et
959 901 1071 964 Occan
1101 921 1198 983 super
1219 905 1401 974 sententias,
1431 920 1516 981 quos
1537 902 1598 962 abs
1620 910 1651 959 te

197 1027 271 1070 cum
301 1009 454 1087 operibus
483 1005 707 1086 Chrysostomi
736 1027 838 1087 nuper
867 1009 1030 1086 impressis
1057 1017 1205 1087 expect0,
1235 1017 1265 1068 et
1293 1005 1445 1087 pleraque
1466 1005 1537 1079 alia,
1567 1023 1651 1085 quae

196 1115 259 1174 iam
282 1114 377 1174 toties
392 1113 449 1174 tibi
463 1112 619 1174 inculcata
635 1122 717 1186 sunt,
741 1123 902 1174 uteorum
926 1110 1066 1174 oblivisci
1087 1129 1153 1172 non
1168 1113 1282 1192 possis.
1305 1110 1438 1173 Miratus
1453 1128 1526 1171 sum
1542 1120 1651 1171 autem

197 1216 411 1290 vehementer,
442 1215 531 1296 quod
555 1214 677 1278 nullum
698 1218 832 1278 omnino
861 1235 1013 1298 graecum
1035 1215 1186 1277 volumen
1209 1215 1271 1277 hoe
1293 1226 1439 1294 tempore
1463 1215 1523 1276 abs
1546 1224 1578 1276 te
1601 1233 1653 1274 ac·

195 1323 343 1400 ceperim.
378 1320 470 1382 Haec
500 1320 542 1382 ad
573 1331 644 1383 tuas
674 1320 787 1382 literas.
820 1319 885 1382 Res
906 1322 1027 1399 patriae
1056 1329 1186 1382 nostrae
1208 1321 1251 1382 ita
1273 1338 1308 1381 se
1329 1319 1459 1394 habent,
1489 1327 1525 1379 ut
1549 1319 1653 1400 magis

196 1427 314 1487 incerta
336 1444 403 1504 pax
426 1426 465 1486 sit
488 1443 587 1505 quam
608 1434 757 1504 apertum
780 1423 908 1486 bellum.
930 1422 967 1484 Id
990 1424 1064 1486 facit
1087 1422 1247 1486 discordia
1268 1442 1438 1503 procerum
1458 1432 1651 1493 nostrorum,

196 1547 336 1610 quorum
358 1527 501 1608 plerique
523 1540 590 1591 tam
613 1529 722 1590 omnia
744 1528 786 1590 ad
809 1547 844 1589 se
867 1528 1003 1601 trahunt,
1033 1537 1157 1590 utnon
1180 1525 1285 1590 solum
1308 1528 1507 1606 superiorem
1530 1523 1588 1586 sed
1611 1544 1652 1585 ne

196 1651 307 1712 parem
330 1631 461 1712 quidem
483 1633 565 1694 terre
587 1635 720 1712 possint,
743 1642 776 1693 et
798 1641 833 1694 ut
855 1631 970 1703 dicam,
992 1632 1082 1712 quod
1105 1633 1218 1706 sentio,
1240 1634 1284 1694 ita
1305 1632 1421 1704 vivunt,
1452 1641 1487 1692 ut
1510 1647 1569 1709 per
1591 1628 1653 1707 Py-

197 1737 350 1818 thagorae
380 1737 610 1818 palingenesim
646 1735 714 1798 Iulii
743 1733 889 1799 Caesaris
919 1738 1057 1797 animam
1089 1737 1299 1815 resumpsisse
1328 1733 1500 1796 videantur.
1536 1731 1653 1812 Neque

197 1851 304 1902 tamen
327 1839 400 1901 huic
414 1839 501 1902 malo
525 1838 623 1901 ullum
639 1840 808 1903 adhibetur
823 1839 1010 1902 remedium.
1034 1838 1179 1918 Quorum
1201 1841 1342 1901 maxime
1357 1840 1527 1901 interesset
1542 1839 1653 1899 omnia

197 1954 311 2023 pacata
334 1962 414 2019 esse,
437 1945 480 2007 ita
503 1955 641 2006 aetatem
665 1956 772 2027 agunt,
795 1954 830 2006 ut
845 1945 979 2005 timeant
1001 1946 1103 2026 magis
1119 1962 1218 2024 quam
1236 1945 1415 2016 timeantur,
1438 1952 1471 2003 et
1489 1942 1653 2022 praesenti

199 2067 304 2109 rerum
327 2059 411 2110 statu
433 2050 576 2110 contenti
599 2051 748 2130 ignavum
772 2050 872 2110 otium
896 2048 1076 2110 laboriosae
1102 2048 1221 2130 gloriae
1243 2046 1431 2109 anteferunt.
1463 2045 1511 2107 lta
1533 2044 1578 2118 fir,
1609 2056 1652 2118 ut,

198 2171 272 2212 cum
295 2170 353 2213 vos
375 2151 458 2212 bella
480 2163 625 2226 atterant,
655 2169 714 2212 nos
735 2152 851 2233 rubigo
881 2162 1059 2213 consumat.
1094 2150 1185 2227 Vale,
1208 2151 1391 2213 dulcissime
1414 2151 1456 2211 mi
1480 2148 1651 2211 Bernarde

199 2254 298 2316 Miror
325 2268 444 2328 autem,
474 2276 530 2317 cur
560 2274 612 2317 me
635 2270 737 2316 errare
760 2275 902 2329 censeas,
932 2253 1022 2335 quod
1051 2273 1117 2315 non
1140 2253 1346 2316 Franciscum
1373 2253 1482 2315 Picum
1505 2255 1653 2316 nomina·

198 2363 295 2420 verim
317 2360 375 2420 sed
395 2359 562 2441 Joannem,
585 2372 659 2421 cum
682 2360 750 2438 ipse
772 2360 893 2440 ubique
915 2378 951 2422 se
970 2361 1074 2440 ipsum
1094 2358 1253 2440 Joannem
1276 2358 1303 2420 F
1304 2361 1481 2420 ranciscum
1496 2360 1651 2419 nominet.

199 2463 319 2526 Datum
343 2463 479 2526 Hassen.

279 2649 400 2702 Vrodenl
424 2649 489 2702 listu
513 2649 633 2718 vyplyvd
657 2649 786 2717 zejmena
809 2649 940 2718 zpatrne
964 2648 1085 2718 narailiy
1110 2666 1147 2703 na
1170 2648 1329 2717 pinevitost
1350 2647 1479 2701 liancleie
1499 2648 1652 2702 Albrechta

191 2736 407 2790 Liblteinslrebo
426 2752 441 2789 z
459 2736 592 2790 Kolovrat
610 2735 741 2805 (Palaclry
760 2736 793 2798 V,
812 2735 836 2798 2,
858 2736 925 2803 11¹5),
944 2750 980 2788 an
999 2735 1088 2790 obsah
1114 2736 1217 2789 ostatnl
1236 2735 1350 2789 vrodeni
1374 2742 1451 2789 tomu
1471 2735 1652 2804 neodporuje.

193 2823 286 2877 »Libri
311 2822 499 2876 parisienses«
522 2823 585 2890 jsou
613 2822 717 2891 nejspli
742 2822 789 2890 jen
818 2822 904 2892 linihy
928 2841 945 2874 ν
971 2823 1061 2877 Pallii
1089 2823 1247 2892 prodavane
1271 2821 1386 2890 (nilroliv
1411 2822 1578 2892 vytiitEne);
1605 2823 1652 2875 tali

193 2910 337 2964 »Albertus
350 2927 432 2980 super
444 2910 658 2979 Apocalypsim‹
675 2909 730 2977 jest
749 2909 848 2963 liniba:
866 2908 973 2963 Alberti
987 2909 1081 2977 Magni
1095 2909 1249 2963 Postillatio
1268 2909 1296 2962 in
1309 2909 1508 2979 apocalypsim,
1522 2910 1652 2963 Basileae

195 2998 269 3061 1506,
285 2998 389 3052 ›Gona
402 3014 485 3065 super
496 2996 628 3066 epistolas
641 2996 735 3049 Pauli«
753 2995 808 3064 jesi
826 2996 924 3049 lmiba:
944 2997 1006 3049 Nic.
1025 2996 1143 3049 Gorrani
1157 2997 1271 3050 Postilla
1290 3013 1372 3066 super
1384 2997 1516 3065 epistolas
1529 2996 1559 3049 S.
1573 2996 1653 3050 Pauli

193 3085 305 3152 (poprve
324 3085 387 3153 vyd.
407 3083 541 3137 Coloniae
560 3081 646 3151 14ta),
666 3083 817 3136 ›Alkindus
836 3083 870 3136 de
888 3083 996 3150 origine
1015 3082 1126 3136 mundis
1144 3082 1200 3150 jesi
1218 3083 1303 3136 kniha
1320 3101 1337 3135 v
1356 3082 1518 3136 Benatlracb
1542 3100 1565 3136 r.
1586 3081 1652 3135 15οῙ

194 3172 282 3240 vyslit:
306 3171 438 3224 Alkindas
457 3178 484 3223 et
497 3170 602 3239 Sephar
615 3171 649 3222 de
663 3169 762 3238 pluviis
781 3177 809 3222 et
828 3168 961 3223 imbribus
974 3179 1036 3225 etc..
1057 3171 1170 3224 ›Occan
1183 3188 1265 3239 super
1276 3170 1447 3224 sententias«
1465 3169 1527 3238 jsou
1543 3169 1654 3223 Vilema

193 3259 319 3311 Oclrama
333 3257 518 3328 Quaestiones
536 3264 564 3310 et
582 3256 740 3310 decisiones
759 3256 786 3309 in
806 3265 923 3325 quatuor
941 3256 1025 3309 libros
1044 3257 1253 3319 sententiarum,
1272 3257 1403 3324 Lugduni
1424 3256 1504 3319 14953
1523 3259 1653 3310 konedne

194 3347 302 3414 »Opera
321 3344 513 3414 Chrysostomi
532 3361 620 3414 nuper
638 3343 788 3412 impressa«
806 3343 862 3411 jest
879 3344 937 3396 bud
959 3343 1061 3412 vydirni
1086 3344 1224 3396 Bendtslre
1246 3362 1261 3396 z
1280 3361 1300 3396 r.
1321 3342 1388 3395 1503
1406 3342 1479 3394 nebo
1498 3344 1652 3411 Basilejslre

195 3449 210 3484 z
228 3449 249 3486 r.
270 3432 336 3484 1504
355 3435 458 3499 (srovn.
478 3432 589 3494 Griisse,
608 3432 711 3485 Tresor
731 3432 765 3485 de
784 3431 867 3484 livres
885 3433 979 3499 rates).

890 3729 959 3794 150.

494 3883 714 3958 Bohuslav
742 3883 993 3958 Bernhardu
1022 3882 1345 3957 Adelmannovi.

281 4071 471 4130 lilaelilalua
483 4072 575 4140 (1507)
593 4103 621 4111 -
641 4072 686 4128 20.
701 4087 773 4142 pros.
792 4056 868 4126 iada
885 4088 918 4125 za
937 4072 1040 4125 dodini
1065 4072 1172 4125 obsahu
1191 4071 1354 4140 tristentur
1373 4071 1486 4125 liniham
1507 4088 1548 4126 εν.
1562 4074 1656 4140 Augu·

195 4160 276 4213 stina.
295 4160 374 4226 (Luc.
395 4159 464 4214 132.)

282 4335 468 4398 Bemhardo
484 4334 691 4397 Adelmanno
707 4357 730 4398 s.
747 4355 778 4414 p.
797 4334 826 4396 d.
849 4334 1012 4397 Dederam
1028 4334 1126 4396 libros
1142 4334 1205 4396 divi
1220 4333 1400 4416 Augustini,
1422 4353 1496 4395 cum
1514 4337 1655 4414 primum

193 4438 235 4501 ad
260 4460 311 4501 me
334 4441 562 4518 pervenissent,
587 4442 617 4499 in
641 4443 824 4518 proximum
848 4438 1005 4520 oppidum
1029 4437 1070 4499 ad
1094 4439 1275 4522 ligandum;
1305 4436 1362 4499 sed
1385 4440 1501 4519 partim
1524 4437 1654 4501 artificis

196 4544 394 4626 negligentia,
418 4546 533 4624 partim
557 4543 647 4623 quod
671 4543 733 4605 hoc
756 4555 904 4622 tempore
927 4562 993 4603 non
1016 4541 1123 4603 solum
1146 4561 1219 4603 cum
1243 4541 1387 4603 eiusdem
1410 4540 1523 4620 oppidi
1543 4542 1656 4603 incolis

195 4649 252 4709 sed
276 4651 371 4710 etiam
394 4667 468 4709 cum
499 4649 566 4709 aliis
597 4649 780 4710 hominibus
809 4658 941 4728 propter
972 4657 1096 4727 pestem
1127 4665 1240 4724 parum
1268 4645 1344 4707 mihi
1373 4647 1559 4708 commercii
1591 4646 1655 4719 suit,

196 4754 396 4826 factumest,
428 4763 463 4813 ut
486 4755 654 4814 memorati
677 4754 746 4814 libri
769 4755 907 4831 primum
932 4751 1160 4813 nudiustertius
1182 4750 1224 4812 ad
1248 4769 1300 4811 me
1323 4759 1526 4812 reverterent.
1562 4748 1655 4829 Quos

194 4856 273 4917 dum
290 4856 381 4917 avide
397 4857 499 4931 volVO,
524 4856 721 4936 deprehendi
744 4856 848 4917 literas
864 4855 1057 4917 maiusculas
1080 4858 1198 4934 passim
1215 4857 1246 4915 in
1264 4853 1458 4936 marginibus
1480 4854 1655 4933 impressas

192 4981 272 5023 esse.
298 4961 332 5021 ld
350 4964 503 5041 quoniam
528 4981 593 5022 non
617 4962 730 5023 frustra
746 4961 863 5021 sactum
880 4961 1064 5031 arbitrabar,
1088 4961 1267 5038 suspicatus
1283 4978 1354 5019 sum
1370 4957 1508 5019 indicem
1526 4977 1654 5021 eorum·

195 5067 270 5127 dem
294 5067 492 5128 voluminum
524 5066 618 5127 simul
642 5069 834 5144 impressum
866 5085 944 5137 esse,
975 5085 1073 5144 quem
1097 5078 1205 5126 tamen
1233 5063 1276 5125 ad
1300 5083 1352 5123 me
1375 5063 1506 5123 minime
1533 5063 1653 5125 misisti.

197 5170 231 5230 ld
254 5171 311 5232 tibi
334 5183 502 5250 propterea
526 5184 638 5233 notum
662 5171 750 5244 lacio,
783 5182 817 5230 ut
848 5169 896 5230 his
926 5169 1023 5241 malis,
1054 5171 1078 5229 si
1103 5169 1216 5230 saltem
1247 5167 1312 5228 fieri
1340 5179 1456 5246 potest,
1487 5164 1653 5228 medearis

198 5274 286 5344 Vale,
311 5274 434 5352 optime
459 5274 650 5335 Bernltarde.
675 5274 778 5335 Datae
802 5271 943 5334 celeriter
966 5276 995 5333 in
1021 5273 1243 5350 Hassensteyn
1267 5272 1316 5334 20.
1341 5270 1537 5333 Decembris.
