3660 5850
187 325 224 380 ⁵8
866 328 958 388 1494.

188 541 286 613 vobis,
310 541 408 613 facite,
432 541 609 601 secundum
634 561 708 601 vero
732 560 829 619 opera
853 541 976 602 illorum
999 541 1096 602 nolite
1120 542 1239 603 sacere‹
1273 542 1357 603 clare
1388 541 1529 605 ostendit
1552 541 1642 603 malis

187 647 283 705 etiam
308 645 526 706 obediendum
544 664 622 707 esse.
646 644 757 707 Petrus
773 647 955 723 apostolus:
979 648 1067 719 servi,
1091 648 1200 725 inquit,
1224 646 1341 708 subditi
1361 658 1466 708 estote
1482 649 1513 706 in
1529 647 1642 708 timore

187 747 326 809 dominis
349 768 413 809 non
436 748 541 810 solum
565 751 658 811 bonis
680 761 712 812 et
736 749 891 811 modestis
913 750 970 811 scd
1000 752 1097 810 etiam
1127 749 1275 826 dyscolis,
1302 750 1364 811 hoc
1394 760 1453 823 est,
1480 762 1516 812 ut
1545 749 1642 811 latine

187 853 308 932 loquar,
332 852 518 915 difficilibus.
542 852 582 915 Et
606 853 723 915 Paulus
745 855 858 934 inquit:
890 855 944 934 qui
966 856 1117 933 potestati
1141 856 1265 927 resistit,
1295 853 1355 915 Dei
1379 854 1572 916 ordinationi
1596 873 1642 914 re·

188 961 275 1019 sistit.
300 956 401 1018 Multa
424 958 454 1019 id
478 979 580 1040 genus
596 978 637 1019 ex
654 969 790 1038 utroque
807 968 1000 1019 testamento
1016 957 1132 1018 adduci
1149 971 1290 1036 possent,
1313 957 1370 1018 sed
1387 957 1520 1020 sordent
1535 976 1642 1019 sacrae

187 1062 296 1122 literae
319 1061 508 1134 adversaria
531 1075 563 1124 et
587 1064 660 1142 quia
683 1059 781 1141 polita
804 1061 916 1135 solum,
934 1061 1049 1128 limata.
1065 1064 1221 1122 concinna
1238 1061 1431 1142 excultaque
1447 1060 1553 1145 legere
1567 1081 1642 1123 con-

187 1167 297 1238 suerit,
327 1166 406 1227 baec
435 1169 524 1246 quasi
555 1170 714 1229 rusticana
742 1166 848 1228 irridet
879 1177 977 1246 atque
1008 1178 1212 1244 aspematur;
1242 1185 1381 1246 cumque
1411 1165 1521 1228 lumen
1544 1165 1642 1226 oculis

187 1272 440 1331 coecutientibus
463 1273 593 1332 minime
616 1271 729 1344 rideat,
762 1290 828 1331 non
852 1270 1018 1331 oculorum
1042 1269 1169 1348 culpam
1193 1269 1251 1331 scd
1274 1271 1350 1332 solis
1371 1289 1445 1332 esse
1466 1271 1640 1331 arbitratur.

190 1372 264 1434 Hoc
290 1374 442 1452 prolecto,
477 1376 567 1455 quod
605 1375 753 1447 diximus,
784 1393 897 1435 omnes
927 1393 1032 1435 rerum
1064 1373 1241 1434 divinarum
1271 1376 1441 1453 scriptores
1470 1394 1536 1435 una
1565 1392 1640 1435 voce

188 1493 378 1550 asseverant,
403 1491 436 1539 ut
461 1478 645 1540 miraculum
670 1481 709 1541 sit
720 1477 763 1559 ⁵²)
786 1478 959 1551 hominem,
983 1480 1037 1557 qui
1061 1480 1092 1538 in
1115 1475 1242 1558 populis
1266 1476 1348 1539 Rabi
1370 1477 1524 1558 appellari
1550 1480 1642 1557 cupit,

188 1583 250 1642 hoc
273 1585 425 1660 ignorare.
449 1584 529 1662 Quis
552 1585 637 1644 enim
661 1585 759 1644 moris
782 1583 913 1644 humani
936 1581 1137 1643 mediocriter
1160 1583 1279 1660 peritus
1302 1584 1409 1653 nescit,
1433 1592 1555 1661 quanta
1575 1599 1643 1660 per·

187 1688 327 1748 turbatio
357 1689 569 1768 conlusioque
600 1689 744 1748 omnium
776 1706 881 1748 rerum
911 1697 1071 1767 sequatur,
1105 1689 1130 1747 si
1158 1684 1380 1747 admiserimus
1409 1704 1494 1759 eum,
1529 1686 1583 1765 qui
1613 1687 1642 1745 in

186 1790 291 1871 aliqua
315 1802 474 1870 potestate
498 1795 688 1853 constitutus
711 1793 896 1871 peccaverit,
926 1794 973 1852 ius
983 1788 1024 1871 ⁵³)
1048 1790 1177 1871 regendi
1208 1789 1361 1869 perdere?
1399 1788 1494 1864 Nam,
1525 1800 1560 1850 ut
1590 1807 1642 1848 ne

187 1896 304 1955 minem
329 1895 434 1957 alium
470 1901 643 1970 nominem,
678 1898 774 1975 ipsius
808 1894 979 1955 adversarii
1009 1904 1080 1954 acta
1111 1913 1346 1974 saepenumero
1380 1891 1641 1954 rescinderentur.

185 1997 347 2077 Quoniam
372 2012 479 2061 autem
502 2000 596 2061 nobis
618 1997 815 2077 Sylrestrum
838 1999 1022 2079 exprobrat,
1046 2017 1111 2059 non
1135 2010 1183 2060 est
1198 1999 1452 2078 praetereundus
1467 1997 1520 2059 hic
1536 1996 1641 2058 locus:

186 2122 292 2182 neque
314 2115 423 2164 tamen
447 2107 572 2165 animus
595 2115 642 2165 est
658 2102 734 2164 mihi
750 2102 920 2164 ostendere
937 2102 999 2163 hoc
1015 2113 1160 2181 tempore
1176 2103 1290 2164 utiliter
1306 2104 1519 2182 principatum
1537 2120 1641 2163 rerum

186 2207 410 2285 temporalium
434 2208 520 2288 apud
544 2207 710 2268 ecclesiam
734 2227 813 2268 esse.
851 2206 937 2268 Nam
961 2205 1050 2267 multi
1073 2209 1105 2267 in
1128 2207 1191 2267 hoc
1212 2224 1330 2287 campo
1352 2207 1573 2281 decurrerunt,
1603 2224 1643 2266 ex

186 2329 325 2389 quorum
349 2312 491 2373 fontibus
521 2314 581 2374 ista
609 2312 724 2372 hauriri
748 2322 895 2391 possunt:
926 2329 1030 2390 neque
1057 2313 1142 2371 eninr
1165 2312 1333 2390 imperium
1355 2321 1412 2372 aut
1434 2311 1566 2372 divitiae
1588 2311 1643 2371 ob

185 2425 260 2474 sunt
283 2418 320 2487 ei,
343 2418 398 2495 qui
421 2415 468 2476 his
491 2418 574 2477 bene
597 2419 702 2487 utitur,
733 2435 838 2495 neque
868 2417 999 2494 pauperi
1029 2424 1201 2495 paupertas
1232 2414 1371 2494 prodest,
1402 2417 1428 2475 si
1451 2416 1644 2476 constitutus

186 2521 217 2579 in
240 2530 428 2598 paupertate
450 2531 582 2598 peccata
606 2539 672 2580 non
695 2531 794 2580 caret.
817 2518 882 2581 Sed
905 2521 980 2598 quia
1003 2518 1087 2600 vulgi
1110 2517 1297 2597 opinionem
1321 2530 1451 2581 secutus
1466 2521 1644 2598 imperium,

186 2641 252 2702 quo
282 2626 313 2684 in
345 2627 524 2703 praesentia
556 2623 721 2704 pontifices
756 2633 895 2696 utuntur,
929 2623 1082 2685 ecclesiae
1117 2627 1149 2685 in
1178 2642 1318 2701 persona
1347 2621 1503 2700 Sylvestri
1532 2623 1644 2685 datum

185 2738 286 2804 putat,
310 2728 476 2789 docendus
499 2741 555 2794 est.
586 2731 616 2788 in
640 2740 762 2807 quanto
788 2746 893 2788 errore
924 2739 1073 2789 versetur.
1111 2726 1192 2806 Quis
1222 2746 1297 2788 nam
1326 2728 1553 2788 historicorum
1585 2727 1645 2789 hoc

186 2830 330 2892 tradidit?
367 2830 629 2892 Praetermisisset
659 2831 720 2892 hoc
747 2832 890 2911 prolecto
913 2850 979 2891 non
1003 2829 1144 2905 Orosius,
1177 2851 1243 2893 non
1267 2831 1451 2909 Eutropius,
1482 2850 1551 2891 non
1582 2830 1646 2892 Da-

185 2932 348 3003 masus⁵⁸l
372 2955 437 2996 non
461 2937 529 3014 ipse
551 2934 759 3017 Augustinus,
783 2954 848 2996 non
872 2935 1010 3014 denique
1033 2935 1092 3009 alii,
1116 2938 1170 3014 qui
1193 2937 1325 2996 minima
1339 2954 1475 3015 quoque
1491 2934 1533 2996 de
1548 2937 1647 3017 gestis

186 3038 388 3101 Constantini
412 3042 540 3101 scrutati
565 3053 647 3101 sunt.
685 3039 811 3118 Quodsi
836 3038 1028 3113 Lactantius,
1060 3042 1115 3118 qui
1147 3050 1253 3100 aetate
1282 3039 1335 3100 illa
1365 3039 1483 3114 floruit,
1513 3044 1646 3120 quaerit,

184 3162 240 3204 cur
263 3163 360 3223 regna
385 3156 483 3223 atque
499 3163 580 3221 opes
595 3146 657 3204 sint
673 3146 731 3223 piis
747 3155 872 3225 negata,
895 3144 1100 3204 manifestum
1122 3155 1171 3204 est
1195 3145 1274 3221 pios
1298 3143 1361 3205 hoc
1380 3153 1431 3204 est
1446 3144 1648 3215 christianos,

185 3266 242 3327 per
263 3268 301 3308 ea
323 3259 470 3325 tempora
494 3247 614 3309 nullum
639 3248 788 3308 habuisse
811 3251 987 3327 imperium.
1026 3247 1121 3309 Unde
1151 3266 1227 3307 vero
1257 3266 1294 3307 ea
1326 3266 1401 3320 vox,
1433 3246 1475 3308 de
1499 3266 1567 3327 qua
1590 3248 1649 3308 sibi

184 3351 384 3413 adversarius
414 3352 593 3430 applaudit:
626 3355 708 3413 rims
739 3353 892 3413 ecclcsiae
916 3352 974 3412 Dei
998 3351 1136 3413 infusum
1166 3351 1257 3411 esse?
1295 3350 1380 3412 Nam
1412 3354 1439 3412 si
1469 3351 1534 3413 hoc
1566 3353 1650 3412 virus

184 3455 429 3517 eeclesiasticam
453 3460 630 3535 potentiam
654 3456 850 3539 significabat
868 3459 986 3534 (neque
1009 3475 1047 3516 ea
1067 3467 1258 3534 tempestate
1280 3454 1344 3516 ulla
1367 3454 1455 3535 apud
1480 3455 1650 3518 ecclesiam

185 3562 329 3638 potentia
353 3557 440 3627 eratl.
464 3563 665 3640 perspicuum
689 3574 745 3629 est,
768 3572 887 3639 quanta
910 3563 948 3621 sit
973 3560 1054 3621 illius
1076 3563 1164 3621 vocis
1179 3580 1198 3619 a
1222 3560 1381 3621 levissimo
1398 3561 1557 3638 quopiam
1574 3579 1652 3623 con-

184 3662 278 3724 fictae
300 3664 484 3725 authoritas.
523 3664 671 3725 Debebat
700 3663 761 3724 hoc
783 3663 981 3723 adversarius
1012 3664 1216 3725 considerare
1245 3676 1278 3725 et
1301 3682 1471 3736 venenum,
1503 3664 1597 3743 quod
1620 3666 1651 3725 in

185 3767 283 3827 corde
298 3771 386 3849 gerit.
411 3766 522 3828 melius
538 3787 750 3847 concoquere,
774 3786 878 3846 neque
901 3779 966 3827 tam
983 3771 1096 3845 paucis
1111 3769 1215 3829 verbis
1230 3771 1396 3850 negotium
1412 3765 1652 3849 confectum⁵⁵l

186 3871 337 3931 arbitrari.
377 3870 548 3931 innumera
578 3871 638 3932 alia
666 3871 724 3931 dici
754 3874 941 3949 potuissent,
969 3869 1119 3951 Joannes,
1147 3870 1204 3932 sed
1234 3891 1300 3932 non
1327 3873 1446 3950 patitur
1469 3872 1654 3950 epistolaris

190 3978 337 4055 angustia
362 3994 422 4035 nos
446 3975 538 4035 larius
560 3977 693 4055 evagari,
724 3994 829 4054 neque
852 3977 948 4035 etiarn
973 3974 1050 4035 haec
1077 3977 1107 4035 in
1131 3975 1346 4036 adversarium
1368 3975 1557 4036 scribimus:
1581 3979 1654 4056 quis

184 4079 270 4138 enim
301 4078 394 4139 labor
416 4092 463 4139 est
487 4099 561 4139 suas
585 4082 718 4158 ineptias
744 4078 950 4139 convincere?
987 4077 1053 4141 Sed
1082 4079 1147 4145 tibi.
1178 4082 1228 4140 cui
1256 4078 1376 4158 aliquid
1408 4097 1531 4160 negare
1563 4080 1654 4141 nefas

185 4181 370 4255 iudicamus
395 4184 574 4244 satisfacere
597 4181 764 4243 voluimus.
790 4180 832 4243 t'r
855 4194 963 4242 autent
980 4201 1168 4265 cognoscas,
1192 4193 1313 4261 quanta
1336 4183 1377 4243 sit
1392 4180 1543 4243 doctrina
1558 4182 1654 4245 huius

185 4295 311 4364 poetae,
341 4306 473 4359 errores,
509 4307 592 4366 quos
615 4287 646 4346 in
679 4287 820 4346 versibus
850 4288 1018 4358 commisit,
1049 4286 1121 4347 huic
1152 4286 1308 4365 epistolae
1338 4286 1579 4347 subiunximus
1618 4286 1654 4347 ln

185 4396 289 4468 primo
312 4410 404 4450 versu
428 4391 622 4451 tribrachum
647 4393 754 4470 posuit
778 4394 808 4451 in
836 4393 946 4469 quinto
971 4390 1052 4461 locu,
1084 4393 1114 4451 in
1143 4389 1288 4450 secundo
1319 4389 1466 4450 ultimam
1490 4389 1654 4467 syllabam

186 4496 217 4554 in
245 4494 349 4553 ›fare‹
376 4496 534 4573 conipuit.
559 4497 588 4554 in
613 4498 725 4574 quinto
749 4494 924 4553 secundam
947 4493 1104 4570 syllabam
1124 4496 1155 4553 in
1176 4495 1387 4555 ›contrarias‹
1406 4491 1553 4553 similiter
1568 4494 1656 4555 male

184 4599 343 4674 corripuit,
361 4599 391 4657 in
408 4599 546 4676 septimo
564 4601 594 4657 in
613 4597 790 4678 »effugere«
811 4597 986 4657 secundam
1004 4597 1159 4674 syllabam
1176 4597 1335 4674 produxit,
1351 4599 1383 4657 in
1399 4596 1453 4659 22.
1471 4598 1655 4658 secundam

186 4702 345 4780 syllabam
371 4705 402 4763 in
430 4704 595 4782 »vestigia«
622 4704 772 4781 corripuit
796 4715 827 4762 ct
844 4702 986 4761 iambum
1010 4700 1155 4762 secundo
1178 4701 1252 4762 loco
1268 4702 1386 4780 posuit,
1410 4703 1442 4761 in
1459 4701 1511 4764 23.
1529 4704 1659 4784 integer

276 4975 309 5031 ⁵²l
329 4978 355 5027 lt
377 4978 546 5028 monachum
567 4975 616 5027 sic.

280 5061 313 5127 ⁵³)
332 5065 358 5114 M
379 5063 459 5114 vires.

279 5148 312 5201 ⁵⁴}
331 5151 357 5201 ‚u
379 5151 580 5201 Damascenus.

279 5233 313 5304 ³⁵)
331 5237 358 5288 lt
378 5237 538 5290 confictum.
