3696 5836
200 115 250 169 176
876 115 969 174 1507.

201 332 281 390 sima
304 342 361 403 est,
391 341 422 391 et
453 349 512 408 pro
535 349 599 410 qua
629 332 746 391 summi
769 329 808 391 illi
831 332 893 403 viri,
924 348 1061 410 quorum
1083 330 1197 391 virtute
1226 331 1369 390 omnium
1400 348 1485 408 pene
1507 331 1652 412 gentium

200 433 351 495 historiae
373 435 486 509 lucent,
518 437 613 497 etiam
637 438 717 496 mori
744 454 808 496 non
839 433 1070 496 dubitaverunt.
1104 430 1275 496 Caeterum
1305 432 1384 495 dum
1414 432 1652 496 Germanorum

201 540 298 600 vitam
321 549 396 618 apte
424 542 643 620 concinneque
667 540 827 613 describis,
858 548 1001 600 nostram
1024 537 1117 598 simul
1140 537 1326 615 imprudens
1348 537 1548 617 descripsisti,
1574 541 1653 600 acci·

202 641 319 721 ditque,
343 643 420 703 dum
445 655 532 705 tuam
555 645 722 723 epistolam
745 645 892 726 legerem,
915 656 949 706 ut
972 644 1080 705 nescio
1102 642 1271 722 quomodo
1294 643 1370 704 mihi
1393 653 1522 707 nostros
1546 663 1654 707 mores

201 746 443 827 seditionesque
466 750 556 827 quasi
586 750 617 810 in
640 748 783 828 quodam
814 746 946 828 speculo
969 749 1092 811 viderer
1113 750 1233 811 intueri.
1265 748 1380 831 Neque
1408 753 1495 813 enim
1526 761 1653 813 tantum

202 850 283 912 bella
300 851 399 913 civilia
415 864 454 924 et,
475 871 558 931 quae
574 863 821 935 consequuntur,
837 853 894 915 sed
910 857 1048 928 vastitas
1070 855 1168 928 ruina,
1191 853 1352 915 excidium
1368 855 1462 918 nobis
1477 856 1654 930 imminent,

201 964 232 1015 et
257 974 340 1034 quae
363 955 485 1037 singula
509 975 626 1038 magna
648 959 779 1037 imperia
803 968 943 1019 evertere
965 958 1076 1033 solent,
1107 977 1144 1018 ea
1167 960 1310 1020 universa
1333 961 1504 1022 acervatim
1527 959 1570 1021 ad
1593 979 1654 1022 nos

201 1058 433 1120 confluxerunt.
468 1059 569 1122 Mirus
591 1073 639 1122 est
663 1061 769 1134 fastus,
797 1063 875 1121 mira
899 1072 1082 1123 nostrorum
1105 1081 1273 1141 procerum
1295 1062 1420 1137 invidia,
1443 1073 1476 1124 et
1499 1063 1653 1145 quicquid

201 1166 230 1223 in
254 1163 321 1224 aliis
344 1166 510 1238 cernimus
538 1164 570 1226 id
594 1166 687 1226 nobis
711 1176 917 1244 praeceptum
941 1177 1099 1245 putamus
1124 1165 1311 1228 Incredibile
1335 1170 1478 1230 omnium
1502 1168 1653 1231 ordinum

201 1267 375 1342 dissidium,
406 1279 437 1330 et
460 1287 533 1329 cum
556 1269 737 1349 frequentes
759 1282 935 1332 conventus
965 1271 1172 1346 celebremus,
1202 1271 1277 1333 nihil
1306 1290 1450 1351 unquam
1474 1276 1653 1347 statuimus,

200 1370 289 1450 quod
319 1372 511 1451 reipublicae
542 1372 707 1452 expediat;
738 1374 904 1436 libidinum
937 1375 1204 1454 voluptatumque
1234 1375 1339 1437 nullus
1369 1375 1496 1437 modus.
1539 1375 1653 1457 Neque

201 1476 289 1537 facile
313 1475 455 1550 dixerim,
479 1480 648 1540 avaritiane
672 1481 772 1539 maior
794 1479 888 1541 nobis
910 1498 951 1540 an
974 1492 1130 1559 sumptus.
1144 1481 1198 1554 sit,
1222 1479 1287 1554 sed,
1311 1489 1346 1542 ut
1368 1479 1418 1541 ille
1440 1482 1495 1543 ait:

464 1617 660 1679 »Luxuriam
682 1620 777 1681 lucris
800 1621 936 1681 emimus
958 1637 1121 1698 censuque
1144 1620 1278 1697 rapinas

459 1720 500 1783 Et
523 1741 685 1784 summum
708 1743 824 1785 census
847 1725 985 1804 precium
1010 1734 1058 1784 est
1081 1721 1246 1784 effundere
1268 1741 1426 1785 censum«

200 1856 388 1921 Muneribus
411 1859 631 1944 largitionique
653 1863 736 1925 adeo
760 1873 915 1941 patemus,
939 1872 973 1923 ut
997 1860 1073 1922 nihil
1095 1860 1182 1940 apud
1205 1879 1266 1923 nos
1288 1880 1355 1922 non
1377 1861 1489 1922 venale
1508 1865 1563 1938 sit,
1586 1883 1652 1942 pax

200 1973 231 2023 et
254 1963 427 2026 concordia
450 1984 578 2045 semper
607 1968 638 2028 in
662 1986 718 2028 ore
747 1977 858 2030 nostro
881 1979 1031 2040 versatur,
1061 1967 1104 2026 ita
1127 1975 1243 2039 tamen,
1274 1974 1309 2026 ut
1335 1964 1480 2028 studiose
1509 1967 1653 2046 quotidie

200 2078 255 2128 aut
278 2081 491 2150 oppugnetur,
522 2082 577 2132 aut
599 2069 712 2134 saltem
742 2071 926 2154 negligatur.
960 2069 1046 2132 Nam
1077 2067 1164 2150 quod
1187 2068 1228 2130 ad
1253 2070 1437 2152 religionem
1460 2073 1583 2145 attinet,
1612 2091 1653 2133 eo

200 2172 263 2231 iam
285 2185 416 2234 ventum
439 2183 495 2248 est,
526 2185 561 2236 ut
584 2175 727 2256 plerique
756 2177 788 2237 in
810 2175 970 2257 Diagorae
992 2172 1223 2252 Theodorique
1252 2172 1372 2255 dogma
1405 2175 1486 2254 lapsi
1515 2194 1654 2255 superos

200 2276 380 2357 inferosque
404 2297 475 2341 esse
498 2291 623 2360 negent,
647 2280 731 2354 illud,
755 2279 843 2359 quod
868 2279 965 2353 Philo,
992 2281 1057 2340 sive
1080 2279 1151 2358 quis
1173 2276 1253 2339 alius
1276 2280 1343 2341 eius
1366 2279 1436 2340 libri
1458 2290 1654 2355 auctorest,

200 2399 242 2440 cx
272 2386 426 2443 sententia
456 2383 626 2462 impiorum
657 2387 708 2458 ait,
738 2384 912 2447 identidem
939 2394 1145 2462 usurpantes:
1179 2401 1239 2443 »ex
1269 2384 1366 2445 nihilo
1390 2385 1453 2445 nati
1484 2404 1602 2447 sumus
1624 2391 1656 2446 et

200 2496 273 2562 post
289 2485 369 2547 haec
385 2489 509 2550 erimus
533 2501 686 2568 tanquam
702 2509 866 2569 nunquam
887 2491 951 2551 nati
969 2488 1164 2550 fuissemus«
1191 2486 1305 2568 Neque
1321 2488 1427 2549 lethali
1443 2489 1516 2551 huic
1534 2492 1655 2554 morbo

201 2589 242 2648 ab
265 2588 330 2650 ullo
355 2590 522 2654 hominum
545 2595 673 2655 obviam
696 2597 764 2656 itur.
794 2593 1014 2667 Ecclesiastici,
1041 2593 1096 2672 qui
1118 2593 1240 2653 animas
1262 2611 1321 2672 pro
1345 2594 1459 2655 ovibus
1482 2595 1542 2656 sibi
1566 2614 1656 2656 com-

200 2695 303 2755 missis
326 2713 447 2773 ponere
474 2698 632 2774 iubentur,
656 2711 807 2773 mussant,
830 2718 936 2779 neque
959 2710 1024 2760 tam
1048 2697 1163 2770 Deum,
1194 2698 1246 2776 qui
1270 2698 1392 2758 animas
1414 2698 1445 2757 in
1467 2697 1656 2780 gehennam

200 2800 301 2871 mittit,
326 2818 422 2878 quam
446 2820 512 2876 eos,
534 2805 588 2882 qui
600 2813 758 2864 terrenam
781 2803 863 2865 hanc
886 2805 982 2865 vitam
1005 2802 1127 2864 auferre
1143 2811 1286 2880 possunt,
1310 2812 1466 2877 metuunt,
1489 2802 1656 2886 longeque

200 2904 301 2984 magis
317 2905 475 2981 praesidia
489 2903 510 2987 ¹)
533 2909 744 2969 ecclesiastica
767 2910 997 2988 occupantibus
1019 2925 1116 2986 quam
1140 2905 1308 2967 haeresum
1324 2908 1657 2991 superstitionumque

200 3009 416 3070 inventoribus
431 3023 628 3073 succensent.
651 3010 716 3074 Sed
733 3011 763 3072 hi
780 3011 921 3075 fortassis
936 3014 1059 3072 veniam
1079 3020 1246 3083 merentur,
1267 3013 1419 3090 quoniam
1435 3011 1520 3072 nulla
1537 3032 1656 3074 eorum

200 3112 286 3191 apud
311 3132 371 3174 nos
394 3117 566 3176 auctoritas
588 3125 649 3178 est:
680 3128 841 3179 caeterum
872 3116 1029 3178 seculares
1059 3135 1189 3196 quoque
1216 3117 1328 3193 partim
1359 3119 1520 3195 praesenti
1545 3137 1655 3180 rerum

197 3226 282 3278 statu
298 3219 437 3280 contenti
453 3222 484 3280 in
500 3221 566 3281 otio
582 3230 614 3282 et
628 3220 748 3282 deliciis
764 3232 915 3296 marcent,
938 3223 1051 3300 partim
1068 3222 1110 3281 ita
1127 3219 1243 3299 opibus
1262 3219 1504 3302 honoribusque
1518 3222 1656 3297 inhiant,

199 3331 231 3382 ut
255 3321 376 3400 reliqua
400 3334 465 3385 tam
488 3324 592 3386 divina
617 3344 714 3405 quam
745 3327 885 3387 humana
915 3336 947 3387 et
970 3334 1177 3386 contemnant
1207 3336 1238 3386 et
1268 3325 1344 3386 nihil
1366 3325 1409 3386 ad
1431 3345 1466 3387 se
1488 3329 1657 3405 pertinere

197 3424 343 3488 iudicent.
376 3426 448 3489 Rex
471 3430 547 3506 ipse,
578 3432 668 3492 cuius
690 3432 841 3508 pietatem
872 3439 904 3491 et
933 3429 1118 3512 religionem
1141 3447 1256 3490 omnes
1285 3428 1473 3491 christianae
1500 3431 1656 3496 nationes

197 3541 229 3591 et
252 3531 482 3608 praedicabant
513 3543 545 3595 et
567 3534 814 3608 admirabantur,
846 3537 910 3595 sive
932 3545 1037 3595 aetate
1064 3532 1203 3613 frigidior
1226 3530 1267 3592 ad
1291 3551 1341 3595 res
1363 3532 1506 3616 agendas
1536 3534 1656 3612 factus,

196 3635 261 3695 sive
284 3647 411 3697 nostros
435 3656 540 3698 mores
563 3649 735 3718 pertaesus,
760 3641 802 3700 ita
824 3636 912 3717 apud
935 3637 1114 3698 Pannonios
1137 3636 1233 3698 vitam
1257 3634 1352 3711 ducit,
1375 3657 1412 3698 ac
1428 3639 1452 3698 si
1468 3636 1656 3723 lethargum

196 3749 363 3817 pateretur.
387 3740 438 3802 Ex
454 3743 571 3821 quibus
595 3744 684 3805 facile
707 3746 864 3806 coniicere
880 3754 982 3822 potes
1004 3740 1081 3821 quid
1106 3739 1181 3800 mihi
1203 3741 1299 3800 animi
1322 3741 1353 3801 in
1370 3739 1433 3803 hoc
1455 3760 1577 3823 genere
1593 3745 1656 3808 ho-

196 3846 317 3905 minum
341 3845 468 3927 degenti
492 3850 538 3909 sit.
566 3845 653 3909 Olim
676 3847 825 3927 equidem
848 3848 909 3909 sub
932 3845 1114 3920 Ottonibus,
1144 3842 1291 3906 Henricis
1314 3844 1546 3927 Fridericisque
1570 3849 1656 3913 Ger-

196 3949 299 4009 mania
331 3949 464 4012 florente
492 3955 586 4013 etiam
617 3972 696 4031 opes
707 3949 733 4033 ῃ)
764 3953 795 4013 in
823 3953 1014 4015 immensum
1045 3961 1216 4022 creverunt,
1247 3949 1509 4031 nobilissimaque
1540 3957 1655 4032 portio

195 4054 287 4113 vestri
311 4056 432 4132 imperii
454 4055 586 4118 Bo‘emia
614 4058 798 4135 putabatur:
830 4077 914 4118 nunc
941 4067 1049 4117 autem
1078 4055 1173 4143 rebus
1195 4056 1306 4116 vestris
1336 4056 1560 4119 inclinantibus
1589 4078 1656 4122 nos

194 4175 324 4237 quoque
346 4178 412 4219 non
435 4160 539 4221 solum
563 4161 759 4236 inclinamus,
783 4161 839 4223 sed
856 4160 950 4240 plane
973 4161 1102 4232 ruimus
1125 4170 1161 4221 ut
1183 4159 1301 4222 scilicet
1316 4163 1441 4240 utrique
1455 4171 1531 4241 post
1546 4160 1655 4242 Assy-

196 4265 268 4336 rios,
293 4262 417 4337 bledos,
448 4263 568 4339 Persas,
600 4265 804 4338 Macedones,
836 4265 1002 4326 Romanos
1025 4282 1145 4324 novum
1168 4284 1276 4325 rursus
1299 4265 1485 4345 exemplum
1507 4271 1656 4345 posteris

193 4367 299 4440 simus
316 4386 364 4427 res
382 4368 538 4429 humanas
563 4370 635 4430 nihil
660 4389 738 4430 esse.
762 4369 957 4449 Quanquam
981 4378 1088 4428 nostra
1112 4386 1181 4429 sors
1204 4367 1299 4450 longe
1314 4368 1451 4431 deterior
1469 4381 1526 4444 est,
1543 4390 1656 4451 quon·

194 4472 256 4530 iam
280 4489 343 4531 non
367 4482 490 4532 tantum
515 4493 595 4551 opes
625 4473 879 4551 patrimoniaque
903 4485 1011 4534 nostra
1034 4471 1090 4532 sed
1113 4474 1238 4532 animae
1261 4474 1292 4533 in
1315 4491 1443 4534 summo
1465 4473 1655 4540 discrimine

193 4585 365 4635 versantur.
398 4576 491 4637 Unde
516 4575 558 4650 fit,
582 4590 625 4651 ut,
648 4579 775 4657 quotics
800 4577 873 4638 talia
896 4577 992 4638 audio
1016 4589 1070 4637 aut
1093 4578 1224 4649 intueor,
1250 4578 1350 4657 magis
1366 4597 1439 4638 cum
1456 4576 1653 4644 Democrito

193 4676 267 4737 flere
289 4698 387 4757 quam
410 4699 483 4741 cum
508 4681 670 4743 Heraclito
692 4681 794 4742 ridere
819 4682 921 4755 libeat,
953 4693 985 4742 et
1009 4683 1062 4760 qui
1086 4680 1161 4740 mihi
1183 4682 1327 4740 animum
1351 4680 1506 4742 adversus
1530 4701 1654 4748 omnes

285 4936 300 5000 ¹)
319 4922 362 4987 (ti
381 4936 499 5004 praedia.

282 5023 301 5088 ²)
322 5022 410 5091 Ptidej
430 5024 510 5092 podle
530 5025 648 5092 smyslu:
667 5032 785 5077 nostrae.
