3660 5850
960 358 1045 422 1512

557 574 688 659 lngenio
712 595 827 652 mores,
850 576 958 659 generi
980 573 1198 655 splendorque
1219 574 1383 654 decusque

601 678 812 758 Quadrabant
834 682 975 742 numeris
997 680 1165 741 conciliata
1186 680 1260 741 suis.

558 783 620 845 Hic
642 783 740 846 Asiae
762 794 889 857 tractus,
912 792 1077 863 porrectos
1100 782 1175 845 solis
1197 781 1240 844 ad
1264 791 1380 852 ortum,

599 887 641 949 Et
664 887 788 966 Libyae
810 885 888 949 vidit
909 887 978 949 sole
1001 897 1129 966 perusta
1151 885 1231 947 loca

559 990 709 1071 Europae
732 993 849 1071 pariter
872 990 1013 1053 lustravit
1035 988 1173 1068 plurima
1195 1007 1302 1071 regna,

602 1095 704 1158 Multa
726 1094 830 1157 ferens
852 1096 952 1170 terris
976 1094 1076 1157 multa
1098 1093 1215 1176 pericla
1237 1095 1324 1155 mari.

557 1198 597 1260 Et
622 1199 700 1262 dum
724 1211 866 1261 terrenas
888 1199 1054 1262 lustrasset
1075 1217 1222 1260 convena
1244 1197 1347 1269 sedes,

602 1303 680 1365 lnde
702 1315 775 1366 tuas
797 1305 921 1370 meruit.
944 1300 1075 1375 Christe,
1098 1301 1205 1363 videre
1228 1301 1355 1362 domos.

560 1407 629 1469 Has
652 1407 694 1468 illi
717 1410 826 1487 pietas,
849 1410 946 1469 virtus
968 1409 1136 1488 pietasque
1159 1405 1304 1485 fidesque

601 1510 700 1573 Ferre
722 1507 860 1593 dedit:*)
883 1530 999 1590 pravos
1021 1509 1089 1572 dira
1111 1510 1259 1593 gehenna
1281 1519 1398 1570 manet.

365 1700 449 1753 Podle
472 1699 537 1752 lietu
559 1700 657 1752 tohoto
675 1698 787 1768 (zprdva
807 1697 862 1766 jest
881 1702 977 1751 oviem
1000 1697 1111 1766 podfina
1131 1696 1241 1764 nejiste)
1259 1696 1361 1749 zemiel
1380 1694 1521 1748 Bohuslav
1542 1693 1596 1746 dne
1617 1692 1659 1745 13.
1679 1692 1735 1745 list.

279 1787 355 1841 1510.
380 1787 475 1856 Lupac
495 1787 522 1853 (v
541 1786 700 1855 pledmluve
719 1786 900 1839 Precationes
919 1785 1107 1853 evangelicae,
1128 1781 1327 1850 Norimbergae
1347 1780 1423 1850 1577)
1442 1781 1532 1835 udlvl
1555 1780 1660 1834 timrtnl
1678 1780 1734 1832 den

279 1874 319 1928 17.
337 1874 400 1937 list,
423 1873 574 1942 Vinaiiclvy
597 1873 700 1941 (nevlm
724 1889 761 1926 na
780 1872 872 1941 jakem
896 1872 1081 1940 ztklade)11.
1101 1870 1154 1923 list.
1185 1869 1270 1922 Podle
1293 1867 1473 1922 Loblrovicke
1497 1868 1622 1937 pametnl
1647 1866 1734 1935 lrnihy

276 1960 426 2030 rulropisne
446 1978 462 2012 v
482 1960 619 2014 Roudnici
638 1959 802 2013 zeml‘0129.
821 1959 874 2014 list.
893 1977 910 2013 a
928 1959 1076 2028 pochovdn
1095 1975 1113 2010 v
1131 1956 1293 2011 Ptlsednici.

967 2257 1038 2322 199.

596 2412 677 2506 Jan
705 2389 876 2486 Slechta
905 2412 963 2486 M.
993 2414 1121 2486 Petru
1150 2409 1415 2485 Plseckemu.

365 2600 459 2667 (1512.)
477 2599 570 2652 Postu
588 2598 623 2652 tri
642 2599 790 2668 epitaphia,
803 2600 839 2652 M.
853 2587 961 2654 l'lehol‘e
980 2599 1147 2663 Praiskeho,
1165 2599 1326 2653 Bohuslava
1342 2597 1517 2651 zLobltovic
1529 2614 1547 2650 a
1560 2597 1597 2650 M.
1610 2596 1737 2650 Vficlava

280 2686 443 2751 Ptseekeho,
462 2686 539 2740 leterl
557 2685 603 2754 byl
622 2685 682 2739 stim
701 2685 788 2739 sloiil.
807 2687 892 2755 (Fan.
911 2685 981 2755 372.)

361 2863 502 2944 Joannes
517 2862 661 2925 Sslechta
676 2862 719 2925 M.
736 2862 831 2926 Petro
847 2863 984 2926 Piscensi
999 2882 1023 2925 s.
1040 2863 1070 2926 d.
1097 2861 1213 2944 Scripsi
1229 2863 1343 2926 diebus
1362 2862 1579 2942 superioribus
1594 2862 1738 2923 carmina

280 2967 441 3048 quaedam
475 2969 506 3027 in
542 2966 770 3029 nonnullorum
803 2966 1001 3031 eruditorum
1023 2969 1163 3030 virorum
1197 2970 1318 3047 patriae
1347 2978 1475 3029 nostrae
1497 2965 1649 3037 tumulos,
1682 2966 1737 3045 qui

280 3071 364 3145 mihi,
394 3068 474 3133 dum
495 3070 560 3132 fata
582 3071 737 3144 sinebant,
768 3071 917 3153 singulari
941 3071 1097 3134 amicitiae
1127 3090 1213 3134 nexu
1244 3071 1380 3133 devincti
1404 3071 1543 3132 luerant:
1573 3069 1739 3149 inprimis

259 3228 263 3234 .
280 3194 356 3236 vero
378 3176 410 3235 in
434 3174 478 3238 M.
495 3173 640 3257 Gregorii
663 3174 828 3257 Pragensis
841 3174 1009 3249 tumulum,
1032 3176 1093 3237 sub
1116 3194 1182 3255 quo
1198 3195 1260 3258 ego
1276 3184 1484 3254 praeceptore
1503 3184 1535 3236 et
1550 3173 1635 3236 duce
1650 3183 1739 3249 tyro-

279 3280 352 3340 cinii
374 3277 554 3340 rudimenta
584 3281 616 3340 in
640 3279 742 3344 bonis,
755 3279 852 3340 literis
882 3279 949 3342 leci.
980 3279 1103 3341 Primus
1126 3281 1211 3340 enim
1242 3280 1274 3340 in
1302 3278 1468 3340 academia
1491 3276 1640 3359 Pragensi
1666 3275 1740 3337 Vir·

279 3381 342 3464 gilii
364 3380 460 3444 libros
483 3400 556 3443 cum
580 3382 808 3461 explanatione
829 3381 927 3446 Servii
944 3385 1143 3466 grammatici
1164 3383 1270 3464 legere
1286 3401 1384 3444 ausus
1407 3381 1465 3444 luit
1487 3399 1643 3443 unacum
1658 3398 1741 3441 non·

280 3486 372 3548 nullis
395 3486 480 3548 libris
503 3487 638 3548 aliorum
660 3498 809 3549 autorum
825 3488 919 3548 exiis
942 3485 1062 3560 studiis,
1086 3506 1170 3567 quae
1186 3486 1392 3548 humanitatis
1405 3487 1594 3547 vocitantur.
1618 3482 1741 3563 Scripsi

280 3593 376 3653 etiam
398 3591 429 3651 in
453 3589 612 3652 tumulum
635 3589 786 3652 Bohuslai
809 3591 938 3652 baronis
961 3589 1002 3651 de
1024 3589 1220 3652 Lobkowicz
1243 3599 1275 3650 et
1293 3588 1475 3669 Hasisteyn,
1499 3588 1638 3650 hominis
1656 3589 1742 3649 sicut

279 3695 452 3757 nobilitatis
475 3706 646 3756 stemmate
674 3696 718 3756 ita
749 3695 892 3757 omnium
925 3695 1083 3756 bonarum
1112 3694 1348 3773 disciplinarum
1378 3692 1526 3772 peculiari
1557 3691 1741 3753 eruditione

280 3800 406 3881 egregie
430 3800 541 3871 ornati,
565 3799 655 3860 cuius
678 3799 843 3877 multiplici
866 3798 1012 3860 doctrina
1033 3799 1135 3877 patria
1157 3809 1275 3871 nostra,
1298 3797 1377 3860 dum
1400 3798 1485 3870 vixit,
1512 3800 1594 3859 iuste
1616 3807 1649 3858 et
1673 3815 1743 3857 me·

281 3905 341 3964 rito
364 3902 451 3981 apud
475 3913 605 3963 exteros
627 3901 753 3984 gloriari
776 3904 890 3982 potuit,
913 3901 992 3964 duni
1014 3904 1162 3964 acumine
1184 3915 1215 3965 et
1239 3901 1410 3981 splendore
1431 3902 1548 3981 ingenii
1570 3919 1645 3961 cum
1662 3901 1742 3979 ipsis

282 4004 374 4079 halle,
405 4006 526 4067 nedum
557 4026 631 4067 cum
662 4004 832 4067 Germanis
860 4017 982 4067 certare
1011 4005 1186 4069 videbatur.
1218 4005 1272 4068 llle
1295 4025 1346 4066 me
1370 4006 1477 4066 vivens
1502 4014 1594 4066 tanto
1617 4023 1741 4078 amore,

282 4120 372 4171 tanta
403 4109 626 4170 benevolentia
656 4110 923 4190 prosequebatur,
957 4121 1081 4189 quanto
1112 4112 1232 4172 maiore
1266 4129 1325 4172 nec
1359 4111 1514 4191 sanguine
1547 4110 1742 4170 coniunctos

281 4214 433 4292 prosequi
456 4215 568 4291 potuit.
603 4211 681 4274 Eius
702 4215 860 4275 amicitiae
883 4224 915 4275 et
938 4216 1056 4276 amoris
1085 4233 1160 4296 erga
1183 4232 1235 4275 me
1256 4214 1450 4276 certissimos
1472 4231 1510 4274 ac
1534 4210 1599 4273 fide
1622 4210 1742 4294 dignos

281 4325 379 4378 testes
402 4316 514 4390 habe0,
539 4316 655 4394 pocula
678 4317 824 4380 videlicet
839 4328 871 4379 et
886 4318 1000 4380 calices
1022 4329 1193 4402 argenteos
1208 4321 1371 4381 inauratos
1393 4316 1593 4397 mirabilique
1609 4317 1741 4399 ingenio

282 4419 403 4480 affabre
431 4419 546 4495 lactos;
579 4420 684 4482 habeo
714 4434 745 4483 et
775 4424 915 4483 carmina
944 4421 1096 4483 nonnulla
1129 4421 1334 4496 nobilissima,
1365 4421 1484 4500 quibus
1513 4420 1589 4481 mihi
1620 4423 1742 4482 amoris

282 4522 399 4585 aflectu
422 4523 577 4603 deceptus
600 4525 695 4606 longe
717 4526 809 4604 plura
832 4528 862 4586 in
885 4525 997 4588 studiis
1019 4526 1180 4587 literarum
1203 4526 1319 4600 tribuit,
1343 4544 1441 4606 quam
1464 4543 1526 4606 ego
1550 4526 1582 4584 in
1606 4543 1660 4586 rne
1684 4544 1743 4586 un-

282 4646 379 4706 quam
403 4627 678 4706 deprehenderim.
702 4627 817 4708 Scripsi
842 4630 981 4710 denique
1003 4633 1035 4690 in
1059 4630 1219 4692 tumulum
1242 4628 1285 4691 Μ.
1310 4628 1480 4690 Venceslai
1502 4628 1667 4704 Piscensis,
1697 4632 1741 4691 tui

282 4731 422 4793 concivis
445 4743 477 4793 et
500 4732 638 4793 hominis
660 4743 695 4794 ut
718 4732 805 4795 docti
827 4726 870 4795 ita
893 4734 985 4812 probi
1008 4748 1040 4795 et
1055 4737 1175 4796 sinceri.
1199 4734 1283 4797 Huic
1306 4753 1368 4814 ego
1385 4733 1478 4796 bonis
1501 4733 1596 4794 literis
1612 4752 1742 4795 summe

282 4836 477 4898 incumbenti
501 4837 618 4898 crebris
641 4838 763 4916 scriptis
787 4840 866 4899 meis
890 4840 1040 4918 persuasi,
1064 4850 1106 4909 ut,
1131 4841 1156 4899 si
1180 4856 1334 4920 magnum
1357 4840 1544 4917 quempiam
1567 4849 1600 4899 et
1615 4857 1741 4899 memo-

283 4939 415 4999 rabilem
439 4940 618 5002 studiorum
641 4960 774 5002 suorum
796 4940 934 5003 lmctum
957 4944 1111 5021 consequi
1127 4928 1269 5017 voluerit,
1293 4940 1402 5005 ltaliae
1417 4944 1586 5023 gymnasia
1609 4955 1741 5020 peteret.

284 5040 349 5104 Sed
372 5043 462 5105 laeile
485 5045 541 5105 suit
565 5045 682 5106 volenti
715 5046 915 5123 persuadere,
949 5049 1050 5109 maius
1073 5060 1182 5108 autern
1213 5066 1251 5108 ac
1275 5047 1371 5128 longe
1393 5044 1551 5108 difficilius
1573 5049 1742 5129 negotium

286 5199 350 5206 ἡ-.
399 5200 425 5204 --
439 5201 477 5206 .-.
485 5202 489 5206 .

370 5265 397 5327 ἢ
418 5263 547 5317 Poslednl
566 5273 626 5318 toto
645 5264 786 5319 distichon
803 5266 858 5333 jest
877 5271 975 5336 patrue
994 5272 1141 5336 poruseno.
