3660 5850
266 357 319 409 212

267 569 331 630 fieri
356 571 535 648 oportebat,
553 570 687 649 laqueus
711 572 804 630 nobis
828 572 873 632 sit.
899 569 1006 650 Quid?
1029 571 1115 653 Ergo
1139 574 1339 653 reprehendo
1359 588 1509 655 parentes
1525 577 1728 638 animarum?

269 674 409 736 Minime.
432 670 604 735 Caeterum
627 693 725 734 nemo
748 674 862 756 (inquit
885 673 1058 757 Dominus)
1081 696 1208 756 ponens
1239 697 1370 741 manum
1394 681 1435 742 ad
1459 692 1599 744 aratrum
1624 693 1656 743 et
1681 701 1728 742 re-

269 780 456 857 trospiciens
479 790 574 857 aptus
597 790 646 840 est
674 799 773 860 regno
796 779 865 841 Dei.
903 779 994 842 Multi
1018 782 1147 841 iuvenes
1171 780 1255 843 adeo
1282 784 1396 857 sobrie,
1419 785 1535 863 pudice
1562 787 1728 847 continen-

269 893 380 962 terque
404 885 434 944 in
457 883 589 944 seculari
612 894 696 945 statu
719 887 836 958 vivunt,
860 894 895 944 ut
917 884 1066 962 exempla
1090 885 1250 965 quaedam
1281 886 1413 964 pudoris
1436 899 1468 949 et
1491 891 1728 951 sanctimoniae

187 986 191 991 ’
269 989 444 1051 videantur.
469 988 510 1049 lli
534 990 587 1051 ubi
613 990 724 1050 initiati
756 990 876 1062 fuerint,
901 988 1013 1049 ardent
1038 991 1091 1062 ira,
1115 992 1242 1051 avaritia
1274 1003 1429 1067 aestuant,
1452 992 1603 1054 inflantur
1624 994 1729 1055 ambi-

270 1095 365 1166 tione,
382 1096 412 1154 in
428 1092 590 1154 libidinem
607 1113 683 1153 vero
706 1092 790 1153 adeo
815 1104 917 1167 ruunt,
935 1105 968 1155 ut
986 1093 1165 1171 pecudibus
1188 1095 1305 1156 similes
1327 1116 1398 1157 esse
1420 1110 1604 1176 appareant,
1620 1118 1729 1178 neque

271 1219 305 1258 sc
328 1201 414 1278 ipsos
437 1198 542 1259 solum
574 1197 721 1276 perdunt,
744 1196 802 1258 sed
833 1199 1017 1258 innumeros
1046 1197 1126 1257 alios
1156 1199 1307 1279 exemplo
1331 1219 1391 1261 suo
1415 1203 1444 1261 in
1469 1204 1641 1279 perniciem
1667 1215 1730 1264 tra·

271 1303 365 1377 hunt;
389 1315 420 1365 et
444 1303 533 1382 quod
557 1303 732 1381 pessimum
756 1312 813 1375 est,
830 1303 943 1363 nolunt
966 1303 1008 1363 ab
1031 1301 1097 1363 ullo
1121 1304 1253 1377 moneri,
1276 1314 1308 1363 et
1331 1306 1427 1366 vitam
1452 1304 1643 1389 flagitiosam
1668 1306 1729 1367 sibi

270 1408 457 1487 exprobrari
483 1410 513 1467 in
536 1409 688 1468 extremis
712 1407 869 1468 malorum
892 1406 1022 1469 ducunt.
1047 1406 1161 1486 Neque
1185 1409 1239 1469 tibi
1264 1409 1443 1477 blandiaris.
1460 1413 1485 1472 si
1508 1421 1539 1472 et
1555 1413 1727 1490 pecuniam

271 1514 302 1573 in
326 1513 506 1589 praesentia
529 1510 661 1593 negligis
684 1523 715 1572 et
739 1509 876 1572 libidinis
898 1521 1023 1573 aestum
1047 1530 1112 1571 non
1137 1514 1242 1573 sentis
1265 1511 1361 1573 Tales
1385 1515 1468 1574 enim
1492 1516 1567 1576 etii
1591 1514 1729 1587 fuerunt,

271 1636 408 1696 quorum
433 1616 534 1677 modo
558 1618 754 1677 mentionem
778 1616 852 1676 leci:
877 1613 954 1676 dum
978 1635 1012 1676 se
1037 1615 1213 1676 firmissime
1237 1627 1321 1677 stare
1345 1618 1511 1694 putabant,
1530 1629 1730 1680 corruemnt.

275 1719 364 1781 llaec
387 1722 472 1780 enim
504 1730 577 1781 sunt
608 1722 707 1781 nostri
738 1720 839 1782 hostis
870 1719 1134 1792 machinamenta,
1158 1719 1219 1779 hac
1251 1719 1387 1794 fraudeS,
1410 1721 1440 1782 hi
1469 1721 1542 1782 doli.
1575 1719 1731 1784 Continet

271 1827 355 1885 enim
379 1824 420 1885 ad
444 1836 572 1904 tempus
595 1825 658 1887 tela
680 1843 746 1896 sua,
764 1843 829 1904 quo
852 1835 966 1903 postea
988 1826 1113 1904 gravius
1137 1824 1234 1898 feriat,
1259 1843 1323 1884 non
1347 1836 1477 1905 torquet
1500 1827 1638 1900 avaritia,
1663 1845 1731 1887 non

272 1931 331 1990 urit
353 1927 490 1999 libidine,
515 1927 712 2008 quandoque
735 1931 838 1999 etiam,
863 1929 887 1988 si
911 1927 988 2007 quid
1016 1927 1200 1989 huiusmodi
1223 1929 1316 1990 nobis
1339 1949 1358 1989 a
1381 1941 1493 1991 natura
1518 1932 1648 1991 insitum
1672 1943 1730 2004 est,

271 2033 370 2105 sedat,
395 2034 524 2113 mitigat,
548 2050 655 2112 neque
678 2032 803 2093 dubitat
834 2032 1016 2114 religionem
1046 2032 1328 2112 sacerdotiumque
1351 2033 1494 2095 suadere.
1527 2033 1657 2096 Deinde
1682 2055 1731 2096 se-

271 2157 365 2199 curos
388 2140 451 2198 iam
474 2148 506 2198 et
529 2136 603 2196 nihil
627 2136 689 2198 tale
713 2147 892 2198 metuentes
915 2139 990 2197 totis
1013 2138 1131 2198 viribus
1154 2136 1279 2209 invadit,
1304 2149 1335 2198 et
1358 2157 1442 2216 quae
1466 2140 1551 2217 prius
1575 2139 1730 2200 cuniculis

272 2242 410 2321 petebat,
431 2260 515 2302 nunc
538 2251 646 2321 aperte
671 2253 845 2322 oppugnat.
870 2239 988 2302 Obilcit
1010 2240 1111 2301 oculis
1134 2240 1296 2302 illecebras
1321 2242 1487 2309 seculares.
1512 2243 1552 2303 ad
1577 2262 1662 2324 quas
1685 2263 1732 2304 re

272 2349 348 2407 verti
365 2348 427 2406 iarn
446 2347 574 2406 minime
591 2345 671 2406 licet.
694 2344 847 2424 Proponit
863 2345 1067 2406 incommoda
1092 2348 1297 2424 paupertatis
1314 2358 1349 2407 ut
1365 2346 1405 2406 ad
1422 2349 1584 2407 avaritiam
1601 2350 1732 2408 excitet.

275 2450 387 2531 Ingerit
418 2449 564 2510 stimulos
588 2448 732 2522 Veneris,
762 2469 835 2510 curn
867 2451 929 2509 iam
961 2447 1001 2509 ad
1033 2450 1215 2530 coniugium
1249 2450 1421 2531 confugere
1445 2451 1533 2512 netas
1557 2453 1612 2512 sit:
1643 2450 1732 2512 unde

276 2555 474 2633 perturbatio
498 2557 623 2628 mentis,
647 2553 761 2626 taedia,
792 2556 874 2614 vitae
897 2554 1078 2631 desperatio
1109 2557 1263 2634 provenit,
1294 2573 1367 2615 cum
1394 2573 1499 2633 neque
1523 2574 1732 2634 compescere

276 2671 307 2720 et
330 2659 452 2720 frenare
482 2658 672 2737 cupiditates
704 2669 829 2719 nostras
859 2677 965 2737 neque
995 2657 1126 2737 explere
1149 2677 1331 2736 possumus.
1363 2657 1448 2720 llinc
1472 2661 1628 2720 innumeri
1654 2677 1734 2737 apo·

275 2775 377 2824 statae
401 2765 553 2836 oriuntur,
578 2762 651 2824 hinc
673 2760 732 2822 Dei
756 2762 987 2842 hominumque
1011 2773 1224 2839 contemptus
1247 2762 1319 2822 hinc
1343 2782 1450 2823 mores
1472 2764 1569 2825 etiam
1593 2763 1624 2822 in
1640 2782 1734 2824 secu·

276 2868 393 2927 laribus
417 2866 605 2939 detestandi,
636 2877 670 2928 ut
700 2866 795 2946 longe
827 2865 939 2927 melius
969 2868 1005 2927 iis
1035 2867 1126 2927 fuerit
1157 2884 1267 2926 curare
1298 2886 1364 2926 rem
1388 2865 1581 2939 familiarem,
1613 2867 1735 2928 ducere

276 2991 422 3042 uxorem,
446 2970 552 3031 liberis
575 2989 709 3049 operam
732 2969 816 3043 darc,
840 2980 871 3031 et
894 2970 1077 3031 huiusmodi
1101 2969 1241 3043 allectus
1264 2972 1381 3050 quibus
1405 2973 1549 3032 resistcre
1573 2989 1640 3031 non
1658 2991 1734 3049 pos-

277 3086 359 3148 sunt,
391 3075 472 3135 intra
495 3075 725 3153 praescriptum
755 3074 885 3153 legitimi
910 3076 969 3134 tori
993 3073 1148 3134 cohibere.
1181 3072 1255 3134 Non
1279 3093 1341 3156 ego
1368 3074 1431 3135 hoc
1455 3074 1528 3135 ideo
1552 3075 1669 3145 scribo,
1699 3087 1735 3135 ut

277 3190 308 3239 te
331 3200 349 3238 a
373 3178 551 3239 sacerdotio
579 3177 779 3252 deterrerem,
809 3178 866 3238 sed
898 3178 1034 3238 ostendo
1063 3177 1199 3254 pericula
1224 3179 1299 3250 viae,
1330 3199 1393 3258 qua
1421 3179 1477 3240 tibi
1508 3178 1653 3239 eundum
1678 3190 1734 3245 est.

277 3295 311 3345 ut
334 3286 456 3346 cautius
479 3282 615 3356 incedas,
647 3294 678 3344 et
703 3282 868 3362 expendas
891 3285 972 3344 vires
995 3293 1074 3356 tuas,
1109 3285 1132 3343 si
1158 3293 1247 3344 tauto
1272 3284 1370 3343 itineri
1395 3282 1519 3345 sufficis
1553 3280 1629 3343 Scio
1655 3283 1733 3344 mihi

277 3389 370 3449 obiici
394 3407 505 3466 posse:
530 3407 594 3448 non
618 3386 737 3447 debere
760 3406 946 3466 quenquam
971 3389 1001 3447 in
1025 3406 1059 3448 se
1082 3387 1152 3466 ipso
1177 3386 1338 3448 confidere
1361 3386 1419 3448 sed
1442 3389 1474 3447 in
1498 3385 1651 3457 Domin0,
1680 3389 1735 3467 qui

278 3501 445 3571 sperantes
468 3493 498 3551 in
523 3512 556 3551 se
580 3511 646 3552 non
670 3491 785 3552 deserit
816 3503 847 3552 et
870 3490 1041 3553 humilibus
1064 3490 1119 3553 dat
1142 3493 1283 3571 gratiam,
1315 3488 1484 3552 Caeterum
1510 3493 1577 3569 ipse
1601 3510 1736 3570 quoque

279 3599 309 3658 in
333 3596 501 3677 euangelio
525 3591 593 3677 (ubi
610 3615 680 3657 esse
703 3595 861 3676 quosdam
878 3595 1062 3668 Eunuchos,
1085 3597 1138 3676 qui
1162 3615 1197 3655 se
1213 3595 1257 3655 ob
1274 3614 1406 3676 regnum
1430 3595 1595 3656 coelorum
1617 3608 1737 3656 castra·

278 3711 359 3775 runt,
384 3697 520 3781 dixerat)
544 3700 701 3762 subdidit:
726 3700 802 3761 Non
825 3719 939 3761 omnes
955 3702 1082 3781 capiunt
1106 3700 1239 3760 verbum
1264 3699 1334 3772 hoc,
1358 3698 1415 3759 sed
1435 3699 1462 3770 ii,
1486 3699 1603 3777 quibus
1618 3697 1736 3760 datum

278 3815 325 3865 est
349 3825 367 3865 a
390 3816 489 3882 patre.
514 3804 734 3883 Quamobrem
757 3823 874 3876 vereor,
906 3822 946 3864 ne
970 3813 1093 3865 tentare
1117 3803 1221 3864 Deum
1247 3805 1285 3865 sit
1308 3814 1340 3864 et
1363 3803 1496 3863 nimium
1520 3801 1561 3862 de
1585 3821 1620 3862 se
1643 3822 1738 3882 prae-

278 3927 411 3979 sumere,
435 3911 460 3969 si
485 3910 547 3986 qui,
571 3909 688 3988 quibus
711 3908 840 3969 forsitan
857 3929 875 3968 a
891 3920 981 3985 patre
1005 3904 1051 3990 (ut
1075 3909 1105 3967 in
1128 3906 1240 3968 iisdem
1256 3907 1360 3968 verbis
1376 3913 1597 3985 permaneam)
1621 3905 1738 3968 datum

280 4032 345 4073 non
369 4024 425 4085 est,
450 4012 531 4072 hanc
546 4015 629 4073 viam
646 4012 873 4094 ingrediuntur.
898 4010 1013 4090 Neque
1028 4012 1083 4072 tibi
1100 4029 1185 4072 nunc
1201 4013 1385 4092 coniugium
1408 4010 1585 4073 ineundum
1601 4030 1737 4072 censeo:

281 4135 355 4176 nam
379 4127 410 4176 et
434 4115 484 4176 hic
507 4128 607 4178 status
640 4116 739 4177 multa
762 4116 850 4189 dura,
881 4115 981 4176 multa
1013 4115 1191 4193 periculosa
1221 4117 1252 4175 in
1283 4134 1317 4175 se
1349 4114 1460 4189 habet;
1492 4117 1601 4196 magni
1624 4125 1736 4176 tamen

280 4221 335 4280 viri
359 4230 529 4299 utrumque
552 4239 653 4301 genus
676 4222 774 4281 secuti
799 4231 881 4292 sunt,
906 4221 986 4279 ursi
1012 4219 1170 4299 exempla,
1194 4239 1276 4297 quae
1292 4220 1428 4291 imiteris,
1452 4238 1470 4278 a
1495 4236 1546 4279 me
1562 4218 1739 4294 desideraS,

280 4343 337 4402 par
360 4343 461 4401 prope
486 4344 637 4386 numerus
666 4327 705 4385 sit
729 4334 760 4385 et
783 4324 944 4384 coelibum
976 4334 1007 4383 ct
1034 4326 1285 4404 coniugatorum.
1316 4320 1486 4384 Caeterum
1511 4325 1666 4402 sapientis
1689 4333 1740 4385 est

281 4431 388 4489 omnia
415 4427 625 4501 considerare,
656 4440 688 4489 et
719 4447 930 4507 quaecunque
960 4430 1085 4487 evenire
1116 4438 1259 4507 possunt,
1289 4438 1364 4487 ante
1392 4425 1503 4487 oculos
1532 4445 1665 4505 ponere,
1696 4445 1738 4487 ne

280 4533 413 4610 quando
438 4529 485 4614 (ut
507 4534 549 4593 ait
572 4529 697 4605 Cicero)
721 4532 894 4593 dicendum
917 4534 971 4593 sit:
996 4551 1060 4593 non
1084 4544 1277 4610 putaveram.
1302 4529 1391 4590 Vale.

368 4737 491 4790 llllneuli
510 4755 527 4788 v
540 4737 604 4790 listu
623 4737 668 4805 tyt
687 4739 746 4805 Jan,
766 4738 891 4790 kteremu
909 4736 960 4789 bez
979 4736 1087 4788 dalslho
1105 4734 1233 4803 piljmenl
1252 4754 1285 4787 ve
1305 4734 1407 4802 vydanl
1427 4732 1555 4785 Mitisove
1575 4734 1673 4786 svedci
1693 4733 1740 4786 list

280 4823 481 4892 pledchazejlcl
500 4825 527 4891 (v
540 4824 601 4875 nasi
620 4823 710 4876 sblrce
730 4825 936 4891 konjelrturalne
955 4824 1008 4891 pod
1028 4823 1077 4875 trs.
1093 4824 1124 4873 lu
1137 4840 1173 4874 na
1184 4840 1204 4874 r.
1222 4821 1287 4872 ltu?
1305 4821 1460 4889 poloieuy'),
1473 4819 1593 4872 nevlme.
1613 4821 1741 4895 Lplatel

281 4911 524 4978 Bohuslavovpch,
537 4911 628 4979 polrud
648 4913 712 4964 nam
731 4913 840 4971 zndmo,
859 4911 949 4978 laidny
967 4911 1017 4977 Jan
1037 4927 1054 4959 v
1067 4917 1128 4961 stav
1147 4908 1269 4976 tntisly
1289 4907 1444 4976 nevstoupil
1462 4906 1598 4960 skutetne
1617 4908 1665 4974 (do
1685 4909 1740 4961 lnt-

282 4999 355 5048 stera
374 4996 544 5062 Ojvlnslreho
569 5016 589 5050 r.
610 4998 677 5049 taut
695 4997 815 5066 vstoupil
834 4996 956 5050 Kristian
976 4997 1080 5064 Pedlk),
1105 4995 1150 5048 aui
1176 4996 1286 5048 nevlme
1312 4993 1433 5063 odjinud‚
1452 4992 1484 5046 ie
1511 4993 1547 5062 by
1567 4993 1614 5062 byl
1638 4993 1742 5063 nejakji

285 5084 363 5151 plltel
382 5085 432 5152 Jan
454 5085 542 5153 timysl
562 5086 664 5154 taltovi·
686 5087 747 5138 mel.
