3660 5850
872 417 964 478 1505.
1573 476 1574 480 ,
1590 421 1641 476 149

190 633 248 693 nisi
267 651 321 694 me
343 634 467 695 asinum
490 652 556 694 non
579 643 767 694 vocatumm
790 635 820 694 in
844 635 901 708 ius,
926 634 1048 696 etiamsi
1071 634 1113 695 ab
1137 653 1176 695 eo
1199 634 1285 695 calce
1308 635 1388 696 ictus
1411 653 1522 696 essem.
1551 633 1642 696 Blac—
1740 697 1746 708 ,

189 749 269 799 teret
299 737 358 813 ille,
385 747 420 799 ut
443 736 517 811 vult,
549 737 690 810 insaniat,
722 747 878 816 quantum
909 737 994 811 libet,
1025 756 1191 817 nunquam
1221 747 1329 799 tamen
1358 737 1482 812 efficiet,
1513 748 1547 800 ut
1578 741 1639 799 mei

188 839 356 902 obliviscar
378 851 503 902 etcum
526 859 565 900 eo
589 840 713 918 probris
737 840 976 920 maledictisque
998 852 1119 903 certare
1141 842 1243 912 velim,
1260 843 1314 921 qui
1337 853 1424 903 totus
1439 842 1592 922 probrum
1609 853 1641 903 et

188 943 392 1006 maledictum
409 954 465 1018 est,
481 962 587 1024 neque
609 943 650 1004 illi
673 963 817 1023 unquam
839 965 897 1025 per
920 965 970 1005 me
995 949 1154 1024 poeticum
1179 946 1255 1007 illud
1279 946 1384 1007 dicere
1407 945 1527 1008 licebit:
1553 945 1641 1008 »Nec

187 1061 254 1110 tam
277 1061 370 1127 turpe
400 1048 456 1109 fuit
479 1049 567 1122 vinci,
591 1067 689 1127 quam
712 1049 917 1111 contendisse
947 1049 1131 1112 decorum«.
1167 1049 1220 1110 llle
1243 1063 1328 1113 certe
1355 1053 1482 1112 miseret
1504 1050 1642 1112 hominis

187 1174 206 1214 a
229 1172 289 1228 me,
313 1164 348 1215 ut
371 1155 440 1227 scis,
463 1150 638 1232 aliquando
670 1152 862 1216 familiariter
891 1155 997 1228 amati,
1022 1154 1076 1235 qui
1107 1164 1155 1216 tot
1184 1155 1268 1243 vitae
1297 1154 1467 1235 famaeque
1497 1155 1641 1234 periculis

187 1257 322 1320 edoctus
345 1279 364 1319 a
387 1259 566 1319 temeritate
588 1266 686 1337 atque
715 1256 914 1337 impudentia
937 1277 1003 1319 non
1027 1269 1137 1320 cessat.
1172 1258 1304 1319 Possem
1328 1258 1459 1337 quidem
1482 1259 1571 1320 facile
1594 1279 1642 1321 re-

187 1363 299 1437 fellere,
323 1381 408 1441 quae
437 1363 554 1432 obiicit,
584 1360 641 1423 sed
671 1381 791 1438 vereor,
822 1382 863 1424 ne
894 1382 960 1424 rem
991 1361 1187 1441 superfluam
1218 1381 1321 1444 agam.
1359 1362 1457 1443 Quod
1487 1366 1572 1424 enim
1599 1364 1641 1425 ad

186 1467 373 1541 doctrinam,
396 1467 582 1548 religionem
606 1485 778 1547 moresque
810 1487 901 1529 meos
923 1469 1042 1542 attinet,
1067 1477 1192 1529 tacente
1221 1469 1317 1529 etiam
1341 1487 1392 1528 me
1416 1467 1502 1546 apud
1526 1467 1641 1530 doctos

187 1572 375 1633 christianos
397 1583 428 1633 et
451 1574 533 1631 vitae
557 1590 649 1632 meae
671 1574 819 1634 conscios
842 1591 939 1633 eausa
962 1591 1034 1633 mea
1057 1571 1188 1633 defensa
1210 1583 1268 1635 est.
1295 1569 1420 1633 Caeteri
1442 1583 1550 1634 autem
1574 1573 1641 1633 eius

187 1675 303 1738 similes
338 1675 415 1755 quid
450 1675 492 1737 de
527 1695 579 1736 me
613 1678 758 1749 sentiant,
793 1696 922 1755 prorsus
956 1676 1040 1737 nihili
1074 1676 1164 1737 facio.
1202 1674 1293 1737 Vale.
1330 1675 1382 1737 Ex
1419 1676 1641 1755 Hassensteyn

188 1778 274 1841 XXI.
294 1778 374 1861 Julii.

275 1985 316 2037 Ve
335 1982 438 2052 vydfmf
457 1982 586 2036 Mitisovd
611 1983 651 2052 pii
676 1983 758 2036 miste
783 1983 855 2046 listu,
874 1982 950 2036 litere
972 1982 1056 2050 jedna
1080 2000 1097 2036 ο
1124 1982 1270 2047 ἰηνεὶεῐίνό,
1290 1984 1429 2052 νγῒὶἐῐόηο
1454 1983 1482 2036 in
1501 1984 1640 2053 margine:
1742 2016 1746 2023 ·

186 2070 330 2123 invectiva
348 2070 493 2123 Victorini.
513 2070 638 2131 Nevime,
656 2069 721 2138 jaliy
740 2070 776 2138 by
794 2077 824 2122 to
843 2071 917 2138 novy'
936 2071 1001 2123 ritolr
1021 2070 1096 2123 mohl
1115 2069 1182 2138 by'tt
1199 2069 1281 2138 jehoi
1299 2070 1335 2140 by
1354 2088 1384 2124 se
1402 2070 1448 2138 byl
1462 2071 1588 2125 Viktorin
1607 2088 1640 2125 ze

186 2158 295 2210 Vsehrd
315 2174 350 2210 na
369 2158 527 2210 Bohuslava
546 2156 662 2210 odvaiil.
686 2157 732 2225 My
751 2155 852 2223 majlce
871 2173 906 2209 na
925 2157 1019 2210 zfeteli
1038 2164 1074 2220 to,
1094 2174 1128 2209 co
1145 2157 1216 2224 jsme
1235 2157 1275 2225 pli
1294 2157 1358 2210 listu
1377 2155 1419 2210 57.
1438 2159 1640 2225 poznamenali,

186 2245 325 2314 myslime,
338 2244 370 2297 ie
388 2251 417 2296 to
436 2243 500 2311 byla
518 2244 591 2296 novt
609 2243 747 2313 pomluva¹
765 2242 829 2310 jejfi
848 2243 974 2312 rychly’m
993 2244 1127 2296 zaslanim
1141 2242 1222 2297 Pibra
1236 2245 1425 2297 Bohuslavovi
1445 2245 1534 2298 hledel
1555 2245 1640 2298 laska-

186 2340 249 2385 vost
268 2349 337 2385 svou
357 2334 427 2384 nove
448 2331 592 2384 osvedciti.
620 2331 741 2384 Vroienf
760 2331 823 2384 listu
843 2329 898 2398 jest
916 2331 1004 2384 velice
1024 2330 1130 2399 nejiste.
1159 2332 1306 2384 Ponevadi
1326 2350 1342 2384 o
1361 2332 1535 2385 Viktorinovi
1555 2333 1640 2385 mluvi

185 2437 247 2472 sev
260 2422 324 2471 nem
341 2418 406 2485 jako
424 2435 441 2471 o
460 2419 549 2486 piiteli
569 2417 731 2485 nekdejiim,
746 2418 824 2486 lrtery'
842 2435 878 2486 po
896 2417 1050 2486 tolikery'ch
1070 2419 1216 2471 nehodaich
1235 2418 1365 2487 (narailra
1384 2437 1420 2472 na
1436 2418 1501 2487 jeho
1514 2420 1640 2473 sesazenl

185 2524 198 2559 s
217 2506 305 2559 ritadu
324 2523 344 2558 r.
365 2503 442 2572 1491)
458 2505 529 2572 jeste
549 2506 735 2567 nezmoudtel,
755 2505 843 2558 naleii
862 2505 908 2558 list
926 2504 1022 2572 zajiste
1042 2506 1139 2558 daleko
1158 2522 1191 2558 za
1209 2522 1230 2559 r.
1247 2505 1320 2558 1497.
1339 2507 1385 2574 My
1405 2507 1531 2559 klademe
1548 2506 1585 2574 jej
1605 2523 1641 2559 na

185 2611 206 2646 r.
221 2593 288 2645 1505
301 2610 350 2662 pro
368 2593 480 2645 zminlru
499 2609 516 2644 o
534 2591 660 2660 zfjmech
680 2592 846 2660 Pibrovy'ch,
862 2591 907 2659 jei
925 2591 951 2645 te
971 2592 1044 2661 doby
1058 2609 1075 2644 v
1087 2593 1200 2661 popiedl
1218 2592 1357 2662 vystupuji
1377 2611 1394 2645 v
1407 2593 1639 2662 lrorrcspondenci

186 2682 390 2733 Bohuslavove.
407 2680 487 2750 Jinak
506 2679 586 2732 soudf
605 2680 740 2742 Cornova,
760 2680 838 2747 ktery'
856 2680 914 2747 (str.
932 2677 995 2743 1135)
1013 2679 1059 2732 list
1077 2679 1157 2733 kladc
1176 2680 1260 2733 ihned
1280 2698 1315 2748 po
1333 2680 1456 2733 roztrice
1475 2698 1496 2734 r.
1516 2679 1592 2734 1294.

883 2997 951 3060 tlt.

481 3135 707 3234 Bohuslav
729 3133 969 3230 Augustinu
998 3133 1348 3210 olomouckemu.

274 3306 294 3361 Ζ
315 3304 470 3364 llasiiteina
488 3307 579 3375 (15⁰5)
599 3337 631 3346 -
650 3308 676 3362 4.
695 3321 787 3378 srpna.
807 3304 921 3373 Dekuje,
936 3306 967 3360 ie
986 3308 1125 3376 vyplnEno
1142 3307 1221 3376 plani
1237 3306 1303 3375 jeho
1321 3324 1338 3360 a
1356 3306 1486 3360 bratrovo
1505 3325 1521 3358 v
1534 3307 1639 3376 pruine

185 3394 383 3463 Kadaiisky'ch,
402 3396 435 3448 ae
454 3397 505 3447 vde
527 3393 598 3461 jeste
623 3394 826 3462 neprovedena.
857 3394 882 3446 V
900 3393 1053 3447 zftleiitosti
1075 3394 1173 3447 dluine
1193 3395 1312 3463 vy'sluhy
1330 3394 1419 3463 posila
1438 3411 1474 3447 na
1492 3395 1638 3448 zulastnfm

185 3483 267 3535 listlru
288 3483 359 3534 nove
379 3482 538 3549 podmlnky.
571 3468 634 3534 dise
653 3480 845 3548 Augustinova
864 3479 896 3534 ie
918 3480 955 3548 jit
977 3479 1032 3548 jest
1051 3499 1067 3532 v
1087 3482 1167 3533 Brnd.
1199 3480 1320 3534 Oboul‘i
1340 3499 1357 3533 v
1376 3481 1489 3534 Uhrach
1508 3498 1525 3534 a
1544 3499 1560 3533 ο
1580 3483 1639 3534 Plu-

184 3568 321 3622 tarchovi.
340 3567 452 3636 Slibuje‚
472 3568 503 3621 ie
521 3569 599 3636 polle
619 3585 665 3620 mu
684 3568 732 3619 sve
751 3570 839 3631 verse,
858 3567 890 3619 ai
909 3567 1002 3620 budou
1021 3567 1135 3636 opsany.
1154 3568 1233 3635 (Luc.
1254 3566 1346 3634 1030.)

273 3762 416 3825 Domino
432 3761 614 3844 Augustino
631 3762 765 3825 llforavo
781 3773 839 3824 etc.
856 3783 879 3825 s.
895 3782 925 3841 p.
941 3762 971 3824 d.
995 3761 1177 3846 Satisfecisti
1201 3763 1284 3837 mihi,
1305 3764 1426 3841 optime
1449 3760 1639 3844 Augustine,

185 3887 292 3947 neque
315 3866 400 3928 aliud
424 3877 480 3941 est,
497 3866 586 3947 quod
611 3866 673 3928 hoe
695 3880 842 3945 tempore
864 3867 923 3929 abs
946 3878 978 3929 te
1001 3869 1137 3948 exigam,
1161 3867 1368 3946 studiumque
1390 3877 1480 3928 tuum
1498 3869 1528 3927 in
1543 3867 1640 3927 rebus

184 3975 302 4035 nostris
325 3983 421 4051 atque
444 3970 638 4053 diligentiam
661 3981 693 4032 et
716 3991 778 4054 ego
802 3982 832 4034 et
856 3972 951 4033 frater
980 3990 1072 4033 meus
1095 3972 1299 4032 vehementer
1327 3971 1511 4049 probamus,
1535 3989 1641 4049 neque
1720 4039 1727 4053 ,

184 4080 391 4138 immemores
415 4074 560 4137 beneficii
589 4076 682 4137 huius
705 4078 830 4151 erimus,
854 4078 879 4135 si
903 4076 981 4155 quid
1011 4074 1184 4155 aliquando
1212 4078 1242 4136 in
1267 4076 1361 4137 nobis
1384 4078 1448 4149 erit,
1472 4075 1560 4155 quod
1584 4076 1639 4136 tibi

185 4181 299 4243 honori
322 4180 511 4259 utilitatique
534 4199 604 4240 esse
628 4183 743 4258 possit;
767 4180 981 4260 dabimusque
1005 4199 1145 4260 operam,
1170 4192 1203 4241 ut
1227 4179 1341 4240 fertiles
1364 4198 1458 4262 agros
1480 4180 1641 4240 imitemur

185 4300 215 4349 et
231 4287 287 4348 tibi
308 4284 503 4346 cumulatam
527 4286 660 4365 gratiam
683 4284 865 4347 referamus.
888 4284 953 4345 Res
976 4285 1106 4364 quidem
1124 4281 1321 4345 Cadanensis
1344 4283 1491 4345 nondum
1513 4295 1641 4363 peracta

185 4402 240 4463 est,
257 4401 372 4469 utpote
389 4389 432 4449 ob
449 4388 620 4451 nonnullas
636 4408 748 4450 causas
764 4389 919 4451 hactenus
942 4408 982 4450 ne
1004 4398 1160 4451 attentata
1180 4387 1326 4468 quidem:
1350 4407 1516 4469 speramus
1531 4399 1639 4449 tamen

185 4494 226 4566 id,
249 4494 339 4575 quod
363 4496 519 4573 cupimus,
542 4512 602 4554 nos
625 4505 679 4556 tua
703 4514 800 4572 opera
831 4494 1021 4574 propediem
1048 4493 1258 4555 confecturos
1292 4491 1342 4553 De
1365 4495 1447 4570 stipe
1470 4512 1542 4552 mea
1565 4491 1639 4553 nihil

186 4598 271 4661 aliud
295 4599 435 4660 scribere
457 4617 600 4678 possum,
621 4600 678 4660 nisi
701 4618 772 4658 eam
797 4610 897 4661 totam
922 4599 1117 4677 provinciam
1140 4598 1195 4657 tibi
1219 4595 1372 4669 mandari,
1396 4599 1581 4676 precorque,
1605 4609 1640 4659 ut

186 4705 215 4764 iu
236 4722 352 4764 omnes
375 4705 560 4765 occasiones
583 4704 723 4766 intentus
746 4705 795 4765 sis.
820 4701 966 4764 Forsitan
991 4704 1077 4764 enim
1096 4700 1241 4781 Juppiter
1263 4699 1436 4779 aliquando
1452 4703 1483 4762 in
1499 4700 1547 4761 his
1562 4701 1640 4762 locis

186 4810 253 4882 erit,
270 4819 305 4869 ut
321 4807 361 4879 id,
377 4806 468 4886 quod
484 4807 578 4868 nobis
601 4806 744 4882 debetur,
761 4828 779 4867 a
796 4808 991 4886 principibus
1014 4809 1185 4885 impetrare
1209 4807 1379 4884 possimus.
1403 4803 1515 4865 Affero
1532 4816 1639 4865 tamen

187 4911 344 4992 quasdam
369 4930 470 4971 novas
493 4909 700 4986 conditiones
724 4930 804 4990 quas
835 4931 877 4971 ex
900 4910 1018 4972 scheda
1048 4911 1154 4994 lingua
1177 4908 1345 4971 vernacula
1375 4911 1491 4987 scripta
1514 4922 1544 4970 et
1569 4909 1640 4970 lruic

186 5015 342 5098 epistolae
373 5016 491 5076 inclusa
516 5013 604 5075 facile
633 5034 828 5096 cognoscere
851 5018 976 5094 poteris
1014 5013 1147 5095 Cyphus
1171 5026 1252 5087 tuus,
1275 5024 1310 5074 ut
1333 5032 1436 5090 spem,
1465 5024 1638 5093 antequam

188 5120 247 5182 hae
270 5120 379 5181 literae
404 5120 458 5180 tibi
487 5118 668 5194 reddentur,
698 5119 847 5180 Brunnae
877 5120 963 5200 apud
987 5119 1192 5182 Franciscurn
1223 5132 1439 5199 cognomento
1461 5116 1640 5199 Freisinger

187 5228 260 5287 erit:
285 5224 455 5304 quomodo
479 5235 587 5284 autem
615 5224 768 5302 deinceps
798 5223 922 5285 Budam
954 5225 1135 5304 perferatur,
1167 5236 1201 5285 tu
1224 5223 1359 5283 curabis.
1394 5223 1457 5283 Res
1481 5221 1640 5303 ngariae

187 5333 245 5393 etsi
275 5347 380 5391 novae
410 5339 492 5401 suut,
524 5329 653 5389 minime
682 5340 790 5390 tamen
825 5330 1024 5409 improvisae.
1063 5328 1142 5407 Quis
1172 5327 1256 5386 enim
1288 5347 1391 5388 rerum
1427 5327 1638 5388 humanarum
