3660 5850
208 366 260 420 122
887 365 968 424 150t

197 584 265 642 vius
289 579 431 649 fortasse,
460 596 557 656 quam
588 598 729 660 nequnm
752 590 826 650 erat,
857 580 1020 640 turbatum
1043 595 1127 650 esse;
1155 577 1331 638 iucundum
1362 588 1481 650 autern,
1505 597 1589 658 quae
1612 577 1649 639 de

198 685 293 745 rebus
325 679 429 743 italiae
459 682 579 754 scribis,
610 701 812 764 cognoscere.
851 680 1022 745 Caeterum
1046 684 1133 760 prius
1156 679 1232 742 iilud
1259 680 1408 760 frequens
1430 682 1585 743 usitatum
1605 691 1651 743 est

197 800 228 851 et
252 789 396 849 innatum
419 785 512 846 nobis
535 794 632 866 atque
655 786 729 847 ideo
752 785 944 859 huiusmodi,
968 798 1003 847 ut
1026 786 1097 845 ferri
1119 783 1246 858 debeat,
1268 784 1402 846 alterurn
1426 804 1503 846 vero
1526 805 1568 847 eo
1589 797 1652 846 ten·

197 892 251 964 dit,
274 902 309 953 ut
331 889 372 951 de
394 889 564 950 christiana
587 889 732 951 libertate
754 901 863 951 actum
885 898 1003 968 putem
1043 888 1076 952 Si
1099 892 1185 950 enirn
1208 888 1297 950 ltalia
1319 890 1499 967 principum
1521 907 1653 950 suorum

197 993 397 1074 tyrannidem
422 1012 536 1071 perosa
551 992 593 1054 ad
609 992 734 1054 Turcos
753 993 887 1066 deficiet,
910 991 1083 1055 Germania
1105 992 1201 1055 veluti
1223 1011 1322 1055 cavea
1344 992 1488 1073 quadarn
1511 992 1653 1072 undique

195 1099 316 1161 inclusa
339 1096 493 1176 quamdiu
517 1097 648 1158 tandem
671 1117 706 1159 se
733 1117 857 1176 suaque
878 1098 1036 1159 tuebitur?
1059 1096 1173 1178 Neque
1196 1096 1323 1178 reliquis
1338 1108 1469 1158 nostrae
1495 1097 1653 1180 religionis

196 1204 363 1282 provinciis
386 1201 492 1261 minor
513 1200 677 1262 calamitas
700 1202 887 1262 imminebit.
910 1201 1036 1262 Vereor
1058 1212 1174 1274 autem,
1198 1220 1239 1263 ne
1261 1219 1376 1280 parum
1398 1200 1548 1279 praesidii
1570 1200 1652 1262 Italis

196 1309 227 1368 in
250 1306 400 1368 Romano
423 1305 558 1381 imperio
582 1306 642 1367 sub
673 1305 735 1366 hoc
765 1315 877 1366 nostro
900 1302 1049 1386 Augusto
1073 1307 1120 1368 sit.
1158 1303 1251 1384 Quae
1272 1306 1358 1367 enim
1388 1305 1457 1367 eius
1480 1307 1652 1367 auctoritas

197 1409 265 1472 est?
301 1408 369 1471 Aut
393 1407 470 1488 quid
493 1409 519 1468 is
541 1406 693 1469 adversus
715 1407 841 1470 Turcos
864 1409 965 1481 faciet,
994 1412 1048 1489 qui
1082 1429 1159 1470 suos
1182 1409 1213 1470 in
1238 1408 1343 1471 officio
1365 1411 1499 1470 retinere
1524 1410 1652 1470 minime

197 1513 321 1592 potest?
343 1509 520 1591 Quomodo
544 1513 618 1574 item
643 1514 721 1573 tanti
736 1512 809 1573 belli
825 1514 1006 1592 sumptibus
1028 1512 1171 1584 sufficiet,
1195 1514 1245 1574 cui
1267 1511 1426 1574 interdum
1451 1511 1493 1573 ad
1517 1512 1652 1593 quotidi-

195 1636 293 1679 anum
316 1620 433 1678 victum
456 1618 634 1680 necessaria
657 1616 792 1677 desunt?
829 1616 878 1678 De
901 1615 1069 1695 prudentia
1092 1617 1290 1696 consilioque
1316 1619 1385 1679 eius
1407 1628 1439 1679 ct
1462 1634 1571 1678 rerum
1594 1635 1650 1678 usu

195 1720 271 1783 nihil
292 1720 374 1793 dico,
398 1719 530 1800 quando
554 1729 603 1782 tot
626 1721 715 1782 domi
738 1720 930 1799 militiaeque
953 1721 994 1781 ab
1017 1739 1058 1782 eo
1081 1720 1235 1783 hactenus
1257 1732 1348 1801 gesta
1370 1723 1447 1784 satis
1469 1720 1649 1794 ostendant,

194 1823 273 1904 quid
296 1824 391 1885 nobis
407 1823 448 1884 de
464 1825 523 1885 hac
539 1826 647 1906 magni
670 1824 808 1885 nominis
832 1825 944 1885 umbra
968 1823 1161 1902 sperandum
1185 1825 1232 1885 sit.
1255 1823 1481 1904 Quamobrem
1505 1824 1556 1885 vel
1579 1836 1649 1886 vota

193 1928 278 1990 italis
308 1929 467 2008 nobisque
500 1926 644 1988 facienda
676 1939 748 1989 sunt
779 1927 827 1989 vel
859 1928 932 1989 alibi
963 1927 1183 2008 quaerendum
1218 1929 1386 2001 auxilium,
1417 1929 1443 1989 si
1474 1928 1554 1990 salvi
1583 1947 1649 1991 esse

192 2033 348 2094 volumus.
386 2031 456 2113 Ego
479 2043 572 2105 certe,
596 2033 620 2092 si
645 2033 687 2094 ita
711 2051 842 2093 necesse
865 2042 956 2105 esset,
987 2031 1114 2093 mallem
1138 2031 1254 2093 fastum
1277 2031 1424 2114 gallicum
1449 2051 1549 2112 quarn
1572 2031 1648 2094 Tur-

194 2156 307 2198 corum
330 2138 560 2197 immanitatem
585 2137 726 2197 tolerare.
765 2134 805 2196 Et
836 2137 989 2214 quoniam
1020 2137 1109 2197 isira
1133 2135 1208 2209 vult,
1233 2137 1342 2215 quiin
1376 2138 1467 2199 tenis
1490 2138 1647 2197 maximae

195 2241 389 2302 auctoritatis
404 2251 460 2311 est,
476 2238 628 2300 ecciesiae
644 2238 709 2299 filio
726 2258 823 2319 quam
839 2237 1028 2301 Ottomanni
1047 2241 1216 2318 pronepoti
1229 2259 1339 2319 parere
1354 2243 1453 2303 tutius
1469 2239 1647 2302 iudicarem.

196 2344 318 2406 Miraris
342 2362 393 2403 me
409 2343 490 2404 forte
509 2345 541 2404 in
562 2362 594 2403 re
614 2344 694 2404 seria
715 2341 833 2415 ludere,
855 2342 912 2402 sed
937 2342 1013 2422 quid
1037 2362 1139 2424 agam,
1163 2345 1217 2422 qui
1233 2344 1354 2406 nullum
1378 2347 1513 2406 omnino
1536 2345 1647 2405 horum

195 2447 353 2509 malorum
388 2445 564 2508 remedium
598 2446 753 2526 expecto?
790 2445 856 2506 iam
881 2450 966 2507 enim
993 2449 1143 2528 contagio
1173 2449 1307 2509 avobis
1334 2448 1375 2509 ad
1407 2467 1468 2509 nos
1498 2451 1647 2528 pervenit,

187 2571 293 2633 neque
315 2551 495 2630 provinciae
525 2562 654 2612 nostrae
684 2551 798 2611 minori
829 2550 944 2610 morbo
968 2568 1065 2630 quarn
1092 2549 1266 2613 Germania
1295 2550 1459 2627 laborant;
1490 2551 1642 2633 quodque

185 2654 375 2737 pudendum
403 2665 460 2728 est
491 2672 573 2734 quos
597 2656 754 2733 principes
784 2652 1013 2731 pulcherrimae
1044 2653 1258 2734 expeditionis
1288 2674 1359 2718 esse
1382 2659 1557 2735 opportuit,
1580 2674 1643 2716 nra·

186 2761 273 2842 gistri
295 2769 508 2839 auctoresque
538 2759 632 2818 nobis
655 2760 805 2840 ignaviae,
837 2770 868 2820 et
898 2759 989 2837 qnasi
1012 2777 1107 2837 super
1138 2777 1283 2820 mensam
1306 2758 1432 2821 Turcos
1455 2757 1641 2821 debellaturi

184 2867 266 2926 inter
287 2866 360 2924 vina
381 2862 424 2924 de
446 2863 541 2923 rebus
565 2863 704 2923 hostium
727 2862 917 2924 consultant.
956 2861 1182 2924 Foedaverunt
1206 2863 1281 2924 olim
1305 2865 1414 2925 omnia
1436 2862 1591 2925 caedibus
1613 2872 1642 2923 et

183 2970 301 3047 rapinis
324 2966 431 3040 Gothi,
454 2966 512 3027 sed
536 2969 766 3043 impraesentia,
791 2968 849 3026 nisi
873 2965 970 3039 fallor,
988 2966 1089 3027 multo
1113 2966 1271 3027 deteriora
1286 2963 1482 3028 Christianos
1505 2977 1642 3028 manent

186 3072 333 3150 Inprimis
356 3072 448 3152 igitur
479 3091 564 3132 nunc
595 3072 690 3132 nobis
720 3068 1013 3151 philosophandum
1045 3081 1093 3131 cst
1117 3069 1291 3149 dandaque
1314 3089 1422 3148 opera,
1445 3082 1481 3132 ut
1504 3073 1644 3132 animum

185 3177 228 3236 ita
251 3178 459 3249 instituamus
484 3197 524 3236 ne
547 3187 601 3236 aut
625 3174 804 3236 Turcorum
828 3176 983 3252 impeturn
1008 3174 1191 3236 reformidet
1215 3186 1268 3236 aut
1296 3174 1355 3235 alia
1380 3175 1530 3235 fortunae
1554 3177 1583 3235 vi
1606 3174 1644 3236 de

186 3299 259 3341 arce
282 3282 412 3341 rationis
435 3279 524 3340 deiici
548 3281 658 3357 possit.
682 3279 710 3340 is
734 3281 818 3339 enim
841 3279 890 3339 vei
917 3281 1077 3340 maximus
1107 3280 1267 3340 literarum
1290 3282 1409 3341 tructus
1431 3290 1487 3339 est.
1513 3279 1645 3357 Reliqua

188 3387 219 3444 in
242 3382 417 3444 adventum
441 3394 532 3444 tuum
556 3381 676 3443 differo
701 3381 791 3442 Vale.
816 3381 892 3443 Maii
915 3381 1063 3443 XXVlii.

280 3536 412 3589 Adressat
438 3536 562 3603 (pravy'm
589 3534 711 3601 jmenem
740 3535 857 3603 Lippold
885 3553 939 3587 von
967 3536 1197 3604 Hermannsgriin
1224 3537 1305 3605 pocb.
1330 3554 1345 3588 z
1369 3537 1540 3604 Voigtiandu
1565 3538 1643 3606 podle

191 3623 305 3675 lliillera
329 3622 427 3674 Annal.
453 3624 513 3675 Sax.
536 3622 578 3683 56,
598 3623 640 3674 ale
667 3622 875 3688 Hermansgriin
900 3621 979 3690 patrii
1003 3622 1018 3673 k
1038 3611 1172 3689 Cechftm)
1196 3622 1242 3692 byl
1261 3640 1295 3676 ve
1314 3623 1446 3676 slulbach
1471 3623 1644 3693 arcibiskupa

192 3709 439 3777 Magdeburskeho,
452 3709 577 3776 zejmena
590 3709 695 3777 postem
707 3708 773 3775 jeho
787 3725 822 3760 na
835 3712 931 3761 sneme
947 3709 1063 3762 iisskem
1077 3727 1110 3761 ve
1124 3710 1243 3763 Vormsu
1257 3727 1277 3763 r.
1292 3710 1360 3762 1495
1375 3711 1495 3777 (Hagen,
1511 3712 1644 3765 [leutsch-

190 3796 268 3848 lands
287 3796 476 3849 Verbaltnisse
496 3796 533 3848 im
553 3795 882 3848 Reformationszeitalter
897 3797 916 3855 1,
932 3794 998 3862 160).
1019 3797 1236 3849 SBobuslavem
1257 3797 1347 3849 nasim
1367 3796 1501 3850 seznamil
1521 3815 1561 3857 se,
1581 3796 1643 3850 nrt-li

190 3882 275 3945 dilve,
294 3882 390 3948 zajiste
409 3900 429 3935 r.
452 3881 524 3944 rtur,
544 3883 598 3951 kdy
617 3881 812 3950 diplomaticke
831 3882 963 3950 poseistvi
983 3883 1064 3935 konai
1084 3901 1101 3932 v
1114 3884 1208 3946 Praze,
1227 3882 1318 3935 odlrud
1338 3883 1392 3935 dne
1411 3881 1453 3935 27.
1472 3883 1577 3936 biezna
1589 3883 1644 3952 psai

191 3969 373 4021 Reuehiinovi
392 3969 512 4036 (Geiger,
534 3970 684 4022 Reuehiins
704 3969 899 4022 Briefwechsel
919 3978 966 4021 str.
986 3970 1038 4033 bil).
1058 3970 1101 4021 Do
1122 3969 1212 4039 Prahy
1232 3968 1310 4022 Wolf
1326 3970 1395 4023 snad
1414 3973 1479 4038 opet
1494 3988 1526 4023 se
1539 3970 1645 4040 chystal

192 4057 225 4107 ke
244 4058 352 4117 snlrnu,
371 4073 388 4107 o
407 4056 488 4108 nemi
505 4055 558 4122 jest
583 4056 694 4108 zminka
713 4073 730 4106 v
749 4055 813 4108 listu
838 4056 1039 4123 nasledujicim.
1063 4056 1104 4125 Jii
1128 4056 1204 4108 Mitis
1228 4056 1307 4110 kiade
1332 4056 1378 4109 list
1401 4058 1452 4109 ntis
1473 4059 1592 4125 spravne
1611 4073 1645 4108 na

191 4159 212 4194 r.
237 4140 297 4192 1501
319 4142 430 4208 (zabrav
446 4142 482 4209 jej
502 4143 538 4194 do
558 4143 588 4195 ΙΙ.
609 4143 715 4210 lmihy),
735 4142 789 4210 kdy
809 4142 870 4195 taire
890 4142 962 4194 cisat
987 4142 1145 4195 Maxmilian
1170 4142 1279 4211 chystal
1298 4160 1328 4195 se
1347 4159 1383 4196 na
1401 4142 1486 4210 vojnu
1505 4143 1645 4196 tureclrou.

193 4231 217 4280 O
237 4235 324 4280 tomto
345 4229 434 4281 »stinu
453 4229 569 4281 veikeho
586 4228 696 4296 jaima«
716 4229 830 4297 smy'llel
850 4229 990 4282 Bohuslav
1010 4229 1092 4282 velini
1112 4232 1219 4298 spatnE,
1235 4228 1282 4296 jak
1301 4247 1315 4283 z
1334 4230 1477 4298 mnohich
1504 4229 1570 4282 mist
1582 4230 1643 4282 listli

195 4315 202 4366 i
223 4315 302 4367 basni
318 4314 384 4381 jeho
403 4316 519 4383 vysvitft,
539 4315 628 4368 acioli
648 4317 746 4367 vetsim
767 4317 850 4368 diiem
869 4320 932 4383 piec
955 4316 1026 4382 jeste
1047 4315 1187 4383 piizniveji
1201 4315 1252 4368 nei
1268 4333 1285 4368 o
1298 4316 1437 4368 nadutosti
1457 4316 1645 4369 francouzalrk.

897 4547 946 4607 ill,

616 4681 836 4755 Bohuslav
859 4682 968 4776 Janu
997 4661 1224 4756 Slechtovi.

276 4834 361 4899 (¹5⁰1)
380 4864 412 4870 —
431 4835 475 4889 22.
495 4834 603 4897 derina.
623 4833 786 4900 Oznamuje,
806 4834 837 4886 ie
854 4852 889 4886 na
908 4838 1006 4887 snemu
1026 4835 1157 4887 minulem
1178 4836 1272 4888 mluvil
1286 4855 1299 4888 s
1313 4835 1428 4889 Balbem
1448 4852 1466 4888 a
1479 4835 1643 4895 kancleiem,

190 4921 233 4972 aie
253 4920 404 4973 nedovedei
430 4938 459 4972 se
479 4920 579 4972 nieeho
605 4920 745 4982 urliteho;
765 4921 772 4972 i
793 4921 881 4988 mysii,
907 4920 938 4972 le
963 4919 1034 4973 bude
1054 4924 1118 4988 opet
1143 4925 1191 4973 vie
1215 4921 1329 4973 snaieni
1353 4921 1458 4974 marne.
1484 4919 1643 4987 (Laelia,

193 5005 343 5073 Vinaiicky'
365 5005 418 5071 76.)

278 5147 391 5227 Joanni
422 5146 584 5209 Sslechtae
617 5168 639 5208 s.
675 5169 703 5226 p.
728 5148 757 5208 d.
797 5148 922 5209 Interfui
953 5152 1134 5221 conventui,
1173 5150 1228 5227 qui
1250 5150 1396 5227 proxime
1420 5148 1541 5231 Pragae
1570 5148 1645 5209 cele·

196 5251 305 5313 bratus
328 5262 384 5325 est,
407 5262 528 5312 etcum
551 5251 685 5313 domino
701 5264 758 5313 tuo
774 5252 817 5313 de
832 5252 1025 5331 quibusdam
1048 5253 1143 5313 rebus
1166 5251 1349 5314 domesticis
1364 5251 1544 5314 collocutus
1566 5270 1644 5313 sum.
