<?xml version="1.0" encoding="UTF-8"?>
<!DOCTYPE html PUBLIC "-//W3C//DTD XHTML 1.0 Transitional//EN"
    "http://www.w3.org/TR/xhtml1/DTD/xhtml1-transitional.dtd">
<html xmlns="http://www.w3.org/1999/xhtml" xml:lang="en" lang="en">
 <head>
  <title>
</title>
<meta http-equiv="Content-Type" content="text/html;charset=utf-8" />
  <meta name='ocr-system' content='tesseract 3.04.00' />
  <meta name='ocr-capabilities' content='ocr_page ocr_carea ocr_par ocr_line ocrx_word'/>
</head>
<body>
  <div class='ocr_page' id='page_1' title='image "./listbohuslavaha00truhgoog_0224.png"; bbox 0 0 3660 5850; ppageno 0'>
   <div class='ocr_carea' id='block_1_1' title="bbox 553 606 1173 843">
    <p class='ocr_par' dir='ltr' id='par_1_1' title="bbox 553 606 1173 843">
     <span class='ocr_line' id='line_1_1' title="bbox 831 606 901 672; baseline -0.029 -1"><span class='ocrx_word' id='word_1_1' title='bbox 831 606 901 672; x_wconf 83' lang='lat'><strong>176.</strong></span> 
     </span>
     <span class='ocr_line' id='line_1_2' title="bbox 553 745 1173 843; baseline 0.003 -25"><span class='ocrx_word' id='word_1_2' title='bbox 553 745 773 819; x_wconf 90' lang='lat' dir='ltr'>Bohuslav</span> <span class='ocrx_word' id='word_1_3' title='bbox 800 745 952 840; x_wconf 91' lang='lat' dir='ltr'>Janovi</span> <span class='ocrx_word' id='word_1_4' title='bbox 979 770 1003 819; x_wconf 90' lang='lat' dir='ltr'>z</span> <span class='ocrx_word' id='word_1_5' title='bbox 1031 745 1173 843; x_wconf 89' lang='lat' dir='ltr'>Pibry.</span> 
     </span>
    </p>
   </div>
   <div class='ocr_carea' id='block_1_2' title="bbox 132 914 1587 1072">
    <p class='ocr_par' dir='ltr' id='par_1_2' title="bbox 132 914 1587 1072">
     <span class='ocr_line' id='line_1_3' title="bbox 220 914 1587 985; baseline 0.003 -19"><span class='ocrx_word' id='word_1_6' title='bbox 220 914 334 968; x_wconf 74' lang='lat' dir='ltr'>Poloiiv</span> <span class='ocrx_word' id='word_1_7' title='bbox 346 915 381 968; x_wconf 79' lang='lat' dir='ltr'>tri</span> <span class='ocrx_word' id='word_1_8' title='bbox 394 915 552 968; x_wconf 84' lang='lat' dir='ltr'>orakulosni</span> <span class='ocrx_word' id='word_1_9' title='bbox 565 920 644 969; x_wconf 72' lang='lat' dir='ltr'>verse</span> <span class='ocrx_word' id='word_1_10' title='bbox 657 916 754 984; x_wconf 85' lang='lat' dir='ltr'>slibuje</span> <span class='ocrx_word' id='word_1_11' title='bbox 768 916 847 969; x_wconf 73' lang='lat' dir='ltr'>basni</span> <span class='ocrx_word' id='word_1_12' title='bbox 859 917 969 985; x_wconf 74' lang='lat' dir='ltr'>syttmu</span> <span class='ocrx_word' id='word_1_13' title='bbox 981 935 1072 985; x_wconf 90' lang='lat' dir='ltr'>prosu,</span> <span class='ocrx_word' id='word_1_14' title='bbox 1086 918 1162 971; x_wconf 73' lang='lat' dir='ltr'>ktera</span> <span class='ocrx_word' id='word_1_15' title='bbox 1178 917 1214 985; x_wconf 85' lang='lat' dir='ltr'>jej</span> <span class='ocrx_word' id='word_1_16' title='bbox 1234 917 1306 970; x_wconf 91' lang='lat' dir='ltr'>bude</span> <span class='ocrx_word' id='word_1_17' title='bbox 1326 917 1456 984; x_wconf 89' lang='lat' dir='ltr'>zajlmati.</span> <span class='ocrx_word' id='word_1_18' title='bbox 1476 919 1587 972; x_wconf 86' lang='lat' dir='ltr'>Ostatnl</span> 
     </span>
     <span class='ocr_line' id='line_1_4' title="bbox 132 1001 872 1072; baseline 0.003 -19"><span class='ocrx_word' id='word_1_19' title='bbox 132 1001 267 1069; x_wconf 82' lang='lat' dir='ltr'>vzkazuje</span> <span class='ocrx_word' id='word_1_20' title='bbox 286 1020 322 1070; x_wconf 93' lang='lat' dir='ltr'>po</span> <span class='ocrx_word' id='word_1_21' title='bbox 340 1001 490 1055; x_wconf 68' lang='lat' dir='ltr'>Lukasovi.</span> <span class='ocrx_word' id='word_1_22' title='bbox 508 1002 599 1071; x_wconf 88' lang='lat' dir='ltr'>(Nova</span> <span class='ocrx_word' id='word_1_23' title='bbox 617 1003 696 1072; x_wconf 88' lang='lat' dir='ltr'><strong>epist.</strong></span> <span class='ocrx_word' id='word_1_24' title='bbox 715 1020 777 1072; x_wconf 86' lang='lat' dir='ltr'>app.</span> <span class='ocrx_word' id='word_1_25' title='bbox 795 1003 872 1071; x_wconf 68' lang='lat' dir='ltr'>lun)</span> 
     </span>
    </p>
   </div>
   <div class='ocr_carea' id='block_1_3' title="bbox 218 1178 616 1260">
    <p class='ocr_par' dir='ltr' id='par_1_3' title="bbox 218 1178 616 1260">
     <span class='ocr_line' id='line_1_5' title="bbox 218 1178 616 1260; baseline 0 -20"><span class='ocrx_word' id='word_1_26' title='bbox 218 1178 335 1260; x_wconf 92' lang='lat' dir='ltr'>Joanni</span> <span class='ocrx_word' id='word_1_27' title='bbox 359 1178 401 1240; x_wconf 91' lang='lat' dir='ltr'>de</span> <span class='ocrx_word' id='word_1_28' title='bbox 423 1178 518 1241; x_wconf 90' lang='lat' dir='ltr'>Pibra</span> <span class='ocrx_word' id='word_1_29' title='bbox 539 1198 563 1242; x_wconf 79' lang='lat' dir='ltr'>s,</span> <span class='ocrx_word' id='word_1_30' title='bbox 586 1179 616 1241; x_wconf 94' lang='lat' dir='ltr'>d.</span> 
     </span>
    </p>
   </div>
   <div class='ocr_carea' id='block_1_4' title="bbox 445 1317 1285 1607">
    <p class='ocr_par' dir='ltr' id='par_1_4' title="bbox 445 1317 1285 1607">
     <span class='ocr_line' id='line_1_6' title="bbox 446 1317 1267 1394; baseline 0 -14"><span class='ocrx_word' id='word_1_31' title='bbox 446 1317 498 1381; x_wconf 92' lang='lat' dir='ltr'>Tu</span> <span class='ocrx_word' id='word_1_32' title='bbox 521 1338 562 1380; x_wconf 90' lang='lat' dir='ltr'>ne</span> <span class='ocrx_word' id='word_1_33' title='bbox 584 1318 664 1381; x_wconf 91' lang='lat' dir='ltr'>cede</span> <span class='ocrx_word' id='word_1_34' title='bbox 687 1320 787 1394; x_wconf 88' lang='lat' dir='ltr'>malis,</span> <span class='ocrx_word' id='word_1_35' title='bbox 810 1318 868 1380; x_wconf 93' lang='lat' dir='ltr'>sed</span> <span class='ocrx_word' id='word_1_36' title='bbox 891 1329 1002 1380; x_wconf 91' lang='lat' dir='ltr'>contra</span> <span class='ocrx_word' id='word_1_37' title='bbox 1024 1317 1194 1381; x_wconf 86' lang='lat' dir='ltr'>audentior</span> <span class='ocrx_word' id='word_1_38' title='bbox 1215 1321 1267 1385; x_wconf 83' lang='lat' dir='ltr'>itu.</span> 
     </span>
     <span class='ocr_line' id='line_1_7' title="bbox 445 1421 1285 1504; baseline 0.001 -20"><span class='ocrx_word' id='word_1_39' title='bbox 445 1421 554 1502; x_wconf 88' lang='lat' dir='ltr'>Quam</span> <span class='ocrx_word' id='word_1_40' title='bbox 576 1434 632 1485; x_wconf 90' lang='lat' dir='ltr'>tua</span> <span class='ocrx_word' id='word_1_41' title='bbox 654 1434 685 1485; x_wconf 94' lang='lat' dir='ltr'>te</span> <span class='ocrx_word' id='word_1_42' title='bbox 708 1423 835 1485; x_wconf 87' lang='lat' dir='ltr'>fortuna</span> <span class='ocrx_word' id='word_1_43' title='bbox 858 1424 947 1497; x_wconf 92' lang='lat' dir='ltr'>sinet,</span> <span class='ocrx_word' id='word_1_44' title='bbox 971 1425 1020 1484; x_wconf 89' lang='lat' dir='ltr'>via</span> <span class='ocrx_word' id='word_1_45' title='bbox 1042 1425 1145 1504; x_wconf 91' lang='lat' dir='ltr'>prima</span> <span class='ocrx_word' id='word_1_46' title='bbox 1168 1423 1285 1487; x_wconf 85' lang='lat' dir='ltr'>salutis.</span> 
     </span>
     <span class='ocr_line' id='line_1_8' title="bbox 446 1525 1283 1607; baseline 0 -19"><span class='ocrx_word' id='word_1_47' title='bbox 446 1526 547 1606; x_wconf 85' lang='lat' dir='ltr'>Quod</span> <span class='ocrx_word' id='word_1_48' title='bbox 570 1529 699 1589; x_wconf 92' lang='lat' dir='ltr'>minime</span> <span class='ocrx_word' id='word_1_49' title='bbox 723 1529 807 1601; x_wconf 89' lang='lat' dir='ltr'>reris,</span> <span class='ocrx_word' id='word_1_50' title='bbox 830 1525 925 1588; x_wconf 90' lang='lat' dir='ltr'>Graia</span> <span class='ocrx_word' id='word_1_51' title='bbox 949 1527 1109 1607; x_wconf 88' lang='lat' dir='ltr'>pandetur</span> <span class='ocrx_word' id='word_1_52' title='bbox 1130 1528 1173 1589; x_wconf 90' lang='lat' dir='ltr'>ab</span> <span class='ocrx_word' id='word_1_53' title='bbox 1197 1529 1283 1590; x_wconf 91' lang='lat' dir='ltr'>urbe.</span> 
     </span>
    </p>
   </div>
   <div class='ocr_carea' id='block_1_5' title="bbox 130 1664 1591 2266">
    <p class='ocr_par' dir='ltr' id='par_1_5' title="bbox 130 1664 1591 2266">
     <span class='ocr_line' id='line_1_9' title="bbox 130 1664 1587 1749; baseline 0 -20"><span class='ocrx_word' id='word_1_54' title='bbox 130 1664 275 1729; x_wconf 85' lang='lat' dir='ltr'>Satiatus</span> <span class='ocrx_word' id='word_1_55' title='bbox 297 1685 333 1728; x_wconf 91' lang='lat' dir='ltr'>es</span> <span class='ocrx_word' id='word_1_56' title='bbox 355 1666 488 1728; x_wconf 92' lang='lat' dir='ltr'>tandem</span> <span class='ocrx_word' id='word_1_57' title='bbox 511 1667 711 1741; x_wconf 86' lang='lat' dir='ltr'>carminibus,</span> <span class='ocrx_word' id='word_1_58' title='bbox 743 1668 908 1728; x_wconf 85' lang='lat' dir='ltr'>satiaberis</span> <span class='ocrx_word' id='word_1_59' title='bbox 938 1667 1025 1729; x_wconf 90' lang='lat' dir='ltr'>brevi</span> <span class='ocrx_word' id='word_1_60' title='bbox 1048 1667 1179 1729; x_wconf 83' lang='lat' dir='ltr'>forsitan</span> <span class='ocrx_word' id='word_1_61' title='bbox 1202 1679 1234 1730; x_wconf 89' lang='lat' dir='ltr'>et</span> <span class='ocrx_word' id='word_1_62' title='bbox 1257 1687 1367 1747; x_wconf 91' lang='lat' dir='ltr'>prosa:</span> <span class='ocrx_word' id='word_1_63' title='bbox 1402 1687 1587 1749; x_wconf 87' lang='lat' dir='ltr'>quanquam</span> 
     </span>
     <span class='ocr_line' id='line_1_10' title="bbox 130 1771 1588 1852; baseline 0.001 -20"><span class='ocrx_word' id='word_1_64' title='bbox 130 1773 250 1845; x_wconf 89' lang='lat' dir='ltr'>nescio,</span> <span class='ocrx_word' id='word_1_65' title='bbox 281 1790 338 1832; x_wconf 92' lang='lat' dir='ltr'>cur</span> <span class='ocrx_word' id='word_1_66' title='bbox 359 1771 415 1831; x_wconf 92' lang='lat' dir='ltr'>tibi</span> <span class='ocrx_word' id='word_1_67' title='bbox 443 1772 584 1832; x_wconf 88' lang='lat' dir='ltr'>carmina</span> <span class='ocrx_word' id='word_1_68' title='bbox 606 1771 803 1850; x_wconf 85' lang='lat' dir='ltr'>displiceant,</span> <span class='ocrx_word' id='word_1_69' title='bbox 834 1773 951 1850; x_wconf 92' lang='lat' dir='ltr'>quibus</span> <span class='ocrx_word' id='word_1_70' title='bbox 981 1789 1095 1832; x_wconf 89' lang='lat' dir='ltr'>omnes</span> <span class='ocrx_word' id='word_1_71' title='bbox 1118 1782 1240 1835; x_wconf 89' lang='lat' dir='ltr'>veteres</span> <span class='ocrx_word' id='word_1_72' title='bbox 1266 1771 1481 1852; x_wconf 89' lang='lat' dir='ltr'>philosophati</span> <span class='ocrx_word' id='word_1_73' title='bbox 1507 1784 1588 1833; x_wconf 84' lang='lat' dir='ltr'>sunt.</span> 
     </span>
     <span class='ocr_line' id='line_1_11' title="bbox 130 1873 1588 1954; baseline 0.001 -18"><span class='ocrx_word' id='word_1_74' title='bbox 130 1874 218 1936; x_wconf 91' lang='lat' dir='ltr'>Nam</span> <span class='ocrx_word' id='word_1_75' title='bbox 240 1876 364 1954; x_wconf 91' lang='lat' dir='ltr'>primus</span> <span class='ocrx_word' id='word_1_76' title='bbox 387 1873 576 1936; x_wconf 91' lang='lat' dir='ltr'>Pherecides</span> <span class='ocrx_word' id='word_1_77' title='bbox 599 1893 697 1954; x_wconf 90' lang='lat' dir='ltr'>prosa</span> <span class='ocrx_word' id='word_1_78' title='bbox 719 1894 769 1936; x_wconf 91' lang='lat' dir='ltr'>res</span> <span class='ocrx_word' id='word_1_79' title='bbox 791 1874 953 1936; x_wconf 89' lang='lat' dir='ltr'>naturales</span> <span class='ocrx_word' id='word_1_80' title='bbox 976 1876 1172 1954; x_wconf 88' lang='lat' dir='ltr'>conscripsit,</span> <span class='ocrx_word' id='word_1_81' title='bbox 1199 1874 1271 1938; x_wconf 91' lang='lat' dir='ltr'>licet</span> <span class='ocrx_word' id='word_1_82' title='bbox 1294 1879 1432 1938; x_wconf 88' lang='lat' dir='ltr'>inventio</span> <span class='ocrx_word' id='word_1_83' title='bbox 1455 1875 1588 1938; x_wconf 87' lang='lat' dir='ltr'>eiusad</span> 
     </span>
     <span class='ocr_line' id='line_1_12' title="bbox 132 1975 1589 2062; baseline 0.001 -23"><span class='ocrx_word' id='word_1_84' title='bbox 132 1975 295 2040; x_wconf 86' lang='lat' dir='ltr'>Cadmum</span> <span class='ocrx_word' id='word_1_85' title='bbox 319 1977 479 2040; x_wconf 88' lang='lat' dir='ltr'>referatur.</span> <span class='ocrx_word' id='word_1_86' title='bbox 514 1976 580 2041; x_wconf 88' lang='lat' dir='ltr'>Sed</span> <span class='ocrx_word' id='word_1_87' title='bbox 611 1980 764 2059; x_wconf 91' lang='lat' dir='ltr'>quoniam</span> <span class='ocrx_word' id='word_1_88' title='bbox 794 1980 928 2040; x_wconf 89' lang='lat' dir='ltr'>nimium</span> <span class='ocrx_word' id='word_1_89' title='bbox 959 1978 1096 2042; x_wconf 88' lang='lat' dir='ltr'>delicato</span> <span class='ocrx_word' id='word_1_90' title='bbox 1126 1980 1296 2042; x_wconf 90' lang='lat' dir='ltr'>stomacho</span> <span class='ocrx_word' id='word_1_91' title='bbox 1326 2000 1368 2055; x_wconf 93' lang='lat' dir='ltr'>es,</span> <span class='ocrx_word' id='word_1_92' title='bbox 1399 1999 1509 2062; x_wconf 89' lang='lat' dir='ltr'>geram</span> <span class='ocrx_word' id='word_1_93' title='bbox 1533 1981 1589 2041; x_wconf 91' lang='lat' dir='ltr'>tibi</span> 
     </span>
     <span class='ocr_line' id='line_1_13' title="bbox 130 2081 1591 2165; baseline 0.002 -23"><span class='ocrx_word' id='word_1_94' title='bbox 130 2100 258 2144; x_wconf 92' lang='lat' dir='ltr'>morem</span> <span class='ocrx_word' id='word_1_95' title='bbox 281 2092 314 2143; x_wconf 91' lang='lat' dir='ltr'>et</span> <span class='ocrx_word' id='word_1_96' title='bbox 336 2081 467 2156; x_wconf 90' lang='lat' dir='ltr'>curabo,</span> <span class='ocrx_word' id='word_1_97' title='bbox 490 2093 524 2143; x_wconf 90' lang='lat' dir='ltr'>ut</span> <span class='ocrx_word' id='word_1_98' title='bbox 547 2101 751 2163; x_wconf 90' lang='lat' dir='ltr'>concoquere</span> <span class='ocrx_word' id='word_1_99' title='bbox 773 2084 880 2162; x_wconf 89' lang='lat' dir='ltr'>possis</span> <span class='ocrx_word' id='word_1_100' title='bbox 902 2093 934 2143; x_wconf 90' lang='lat' dir='ltr'>et</span> <span class='ocrx_word' id='word_1_101' title='bbox 958 2083 1033 2144; x_wconf 93' lang='lat' dir='ltr'>nihil</span> <span class='ocrx_word' id='word_1_102' title='bbox 1056 2103 1075 2144; x_wconf 91' lang='lat' dir='ltr'>a</span> <span class='ocrx_word' id='word_1_103' title='bbox 1098 2103 1149 2144; x_wconf 92' lang='lat' dir='ltr'>me</span> <span class='ocrx_word' id='word_1_104' title='bbox 1172 2084 1235 2148; x_wconf 90' lang='lat' dir='ltr'>tale</span> <span class='ocrx_word' id='word_1_105' title='bbox 1257 2086 1401 2165; x_wconf 87' lang='lat' dir='ltr'>accipias,</span> <span class='ocrx_word' id='word_1_106' title='bbox 1425 2083 1514 2164; x_wconf 94' lang='lat' dir='ltr'>quod</span> <span class='ocrx_word' id='word_1_107' title='bbox 1535 2086 1591 2146; x_wconf 90' lang='lat' dir='ltr'>tibi</span> 
     </span>
     <span class='ocr_line' id='line_1_14' title="bbox 131 2183 1219 2266; baseline 0 -18"><span class='ocrx_word' id='word_1_108' title='bbox 131 2205 289 2248; x_wconf 89' lang='lat' dir='ltr'>nauseam</span> <span class='ocrx_word' id='word_1_109' title='bbox 312 2186 540 2266; x_wconf 82' lang='lat' dir='ltr'>fastidiumque</span> <span class='ocrx_word' id='word_1_110' title='bbox 563 2188 673 2265; x_wconf 86' lang='lat' dir='ltr'>pariat.</span> <span class='ocrx_word' id='word_1_111' title='bbox 696 2183 831 2250; x_wconf 88' lang='lat' dir='ltr'>Caetera</span> <span class='ocrx_word' id='word_1_112' title='bbox 853 2186 960 2250; x_wconf 87' lang='lat' dir='ltr'>Lucas</span> <span class='ocrx_word' id='word_1_113' title='bbox 982 2187 1104 2249; x_wconf 90' lang='lat' dir='ltr'>referet.</span> <span class='ocrx_word' id='word_1_114' title='bbox 1129 2187 1219 2250; x_wconf 87' lang='lat' dir='ltr'>Vale.</span> 
     </span>
    </p>
   </div>
   <div class='ocr_carea' id='block_1_6' title="bbox 552 2483 1167 2719">
    <p class='ocr_par' dir='ltr' id='par_1_6' title="bbox 552 2483 1167 2719">
     <span class='ocr_line' id='line_1_15' title="bbox 829 2483 900 2548; baseline -0.028 0"><span class='ocrx_word' id='word_1_115' title='bbox 829 2483 900 2548; x_wconf 80' lang='lat'><strong>177.</strong></span> 
     </span>
     <span class='ocr_line' id='line_1_16' title="bbox 552 2621 1167 2719; baseline 0.002 -25"><span class='ocrx_word' id='word_1_116' title='bbox 552 2621 774 2696; x_wconf 90' lang='lat' dir='ltr'>Bohuslav</span> <span class='ocrx_word' id='word_1_117' title='bbox 797 2621 951 2717; x_wconf 90' lang='lat' dir='ltr'>Janovi</span> <span class='ocrx_word' id='word_1_118' title='bbox 978 2645 1001 2695; x_wconf 90' lang='lat' dir='ltr'>z</span> <span class='ocrx_word' id='word_1_119' title='bbox 1025 2621 1167 2719; x_wconf 87' lang='lat' dir='ltr'>Pibry.</span> 
     </span>
    </p>
   </div>
   <div class='ocr_carea' id='block_1_7' title="bbox 133 2790 1589 2949">
    <p class='ocr_par' dir='ltr' id='par_1_7' title="bbox 133 2790 1589 2949">
     <span class='ocr_line' id='line_1_17' title="bbox 219 2790 1589 2862; baseline -0.001 -14"><span class='ocrx_word' id='word_1_120' title='bbox 219 2791 241 2848; x_wconf 84' lang='grc' dir='ltr'><strong><em>Ζ</em></strong></span> <span class='ocrx_word' id='word_1_121' title='bbox 260 2790 415 2850; x_wconf 69' lang='grc' dir='ltr'>ΗιοΙέῐοίηι</span> <span class='ocrx_word' id='word_1_122' title='bbox 434 2821 465 2831; x_wconf 90' lang='grc'>-</span> <span class='ocrx_word' id='word_1_123' title='bbox 485 2792 522 2849; x_wconf 83' lang='grc'>13.</span> <span class='ocrx_word' id='word_1_124' title='bbox 541 2792 629 2850; x_wconf 65' lang='lat' dir='ltr'>leina.</span> <span class='ocrx_word' id='word_1_125' title='bbox 660 2793 811 2862; x_wconf 83' lang='lat' dir='ltr'>Vyslovuje</span> <span class='ocrx_word' id='word_1_126' title='bbox 830 2793 936 2847; x_wconf 79' lang='lat' dir='ltr'>deudelr</span> <span class='ocrx_word' id='word_1_127' title='bbox 954 2792 1014 2861; x_wconf 82' lang='lat' dir='ltr'>svdj</span> <span class='ocrx_word' id='word_1_128' title='bbox 1034 2811 1051 2847; x_wconf 92' lang='lat' dir='ltr'>o</span> <span class='ocrx_word' id='word_1_129' title='bbox 1069 2791 1256 2862; x_wconf 70' lang='lat' dir='ltr'>pohorslivtm</span> <span class='ocrx_word' id='word_1_130' title='bbox 1280 2792 1380 2845; x_wconf 86' lang='lat' dir='ltr'>skutlru</span> <span class='ocrx_word' id='word_1_131' title='bbox 1398 2792 1473 2845; x_wconf 92' lang='lat' dir='ltr'>dvou</span> <span class='ocrx_word' id='word_1_132' title='bbox 1491 2793 1589 2861; x_wconf 61' lang='lat' dir='ltr'>plutei,</span> 
     </span>
     <span class='ocr_line' id='line_1_18' title="bbox 133 2877 1313 2949; baseline -0.002 -17"><span class='ocrx_word' id='word_1_133' title='bbox 133 2896 153 2932; x_wconf 93' lang='lat' dir='ltr'>o</span> <span class='ocrx_word' id='word_1_134' title='bbox 171 2877 253 2932; x_wconf 66' lang='lat' dir='ltr'>nemi</span> <span class='ocrx_word' id='word_1_135' title='bbox 271 2877 353 2933; x_wconf 86' lang='lat' dir='ltr'>Pibra</span> <span class='ocrx_word' id='word_1_136' title='bbox 371 2896 419 2933; x_wconf 92' lang='lat' dir='ltr'>mu</span> <span class='ocrx_word' id='word_1_137' title='bbox 436 2878 485 2949; x_wconf 92' lang='lat' dir='ltr'>byl</span> <span class='ocrx_word' id='word_1_138' title='bbox 502 2879 569 2949; x_wconf 75' lang='lat' dir='ltr'>psal,</span> <span class='ocrx_word' id='word_1_139' title='bbox 587 2879 664 2933; x_wconf 72' lang='lat' dir='ltr'>adast</span> <span class='ocrx_word' id='word_1_140' title='bbox 681 2879 778 2943; x_wconf 62' lang='lat' dir='ltr'>vulne,</span> <span class='ocrx_word' id='word_1_141' title='bbox 796 2880 872 2933; x_wconf 67' lang='lat' dir='ltr'>sedet</span> <span class='ocrx_word' id='word_1_142' title='bbox 889 2879 1101 2949; x_wconf 87' lang='lat' dir='ltr'>humoristiclry.</span> <span class='ocrx_word' id='word_1_143' title='bbox 1119 2880 1198 2948; x_wconf 88' lang='lat' dir='ltr'>(Luc.</span> <span class='ocrx_word' id='word_1_144' title='bbox 1220 2878 1313 2947; x_wconf 80' lang='lat' dir='ltr'>149r.)</span> 
     </span>
    </p>
   </div>
   <div class='ocr_carea' id='block_1_8' title="bbox 131 3054 1650 5331">
    <p class='ocr_par' dir='ltr' id='par_1_8' title="bbox 131 3054 1650 5331">
     <span class='ocr_line' id='line_1_19' title="bbox 218 3054 1588 3138; baseline -0.001 -21"><span class='ocrx_word' id='word_1_145' title='bbox 218 3054 336 3138; x_wconf 74' lang='lat' dir='ltr'>joanni</span> <span class='ocrx_word' id='word_1_146' title='bbox 357 3075 419 3119; x_wconf 92' lang='lat' dir='ltr'>suo</span> <span class='ocrx_word' id='word_1_147' title='bbox 441 3056 483 3118; x_wconf 89' lang='lat' dir='ltr'>de</span> <span class='ocrx_word' id='word_1_148' title='bbox 506 3055 600 3119; x_wconf 90' lang='lat' dir='ltr'>Pibra</span> <span class='ocrx_word' id='word_1_149' title='bbox 622 3076 646 3118; x_wconf 93' lang='lat' dir='ltr'>s.</span> <span class='ocrx_word' id='word_1_150' title='bbox 670 3076 700 3136; x_wconf 89' lang='lat' dir='ltr'>p.</span> <span class='ocrx_word' id='word_1_151' title='bbox 723 3057 753 3119; x_wconf 93' lang='lat' dir='ltr'>d.</span> <span class='ocrx_word' id='word_1_152' title='bbox 777 3056 839 3132; x_wconf 90' lang='lat' dir='ltr'>Ha,</span> <span class='ocrx_word' id='word_1_153' title='bbox 863 3058 904 3119; x_wconf 93' lang='lat' dir='ltr'>ha</span> <span class='ocrx_word' id='word_1_154' title='bbox 927 3057 977 3133; x_wconf 93' lang='lat' dir='ltr'>he,</span> <span class='ocrx_word' id='word_1_155' title='bbox 1000 3076 1098 3138; x_wconf 90' lang='lat' dir='ltr'>quam</span> <span class='ocrx_word' id='word_1_156' title='bbox 1121 3056 1255 3119; x_wconf 90' lang='lat' dir='ltr'>ridenda</span> <span class='ocrx_word' id='word_1_157' title='bbox 1277 3058 1344 3117; x_wconf 93' lang='lat' dir='ltr'>imo</span> <span class='ocrx_word' id='word_1_158' title='bbox 1367 3065 1399 3117; x_wconf 92' lang='lat' dir='ltr'>et</span> <span class='ocrx_word' id='word_1_159' title='bbox 1414 3054 1588 3117; x_wconf 90' lang='lat' dir='ltr'>deridenda</span> 
     </span>
     <span class='ocr_line' id='line_1_20' title="bbox 132 3158 1591 3243; baseline -0.003 -20"><span class='ocrx_word' id='word_1_160' title='bbox 132 3169 217 3236; x_wconf 91' lang='lat' dir='ltr'>sunt,</span> <span class='ocrx_word' id='word_1_161' title='bbox 240 3179 324 3240; x_wconf 91' lang='lat' dir='ltr'>quae</span> <span class='ocrx_word' id='word_1_162' title='bbox 347 3159 388 3221; x_wconf 90' lang='lat' dir='ltr'>ad</span> <span class='ocrx_word' id='word_1_163' title='bbox 411 3179 464 3222; x_wconf 94' lang='lat' dir='ltr'>me</span> <span class='ocrx_word' id='word_1_164' title='bbox 487 3161 590 3233; x_wconf 88' lang='lat' dir='ltr'>scibis,</span> <span class='ocrx_word' id='word_1_165' title='bbox 614 3161 835 3242; x_wconf 85' lang='lat' dir='ltr'>putabamque</span> <span class='ocrx_word' id='word_1_166' title='bbox 856 3180 910 3222; x_wconf 93' lang='lat' dir='ltr'>me</span> <span class='ocrx_word' id='word_1_167' title='bbox 932 3160 1093 3224; x_wconf 91' lang='lat' dir='ltr'>Plautinas</span> <span class='ocrx_word' id='word_1_168' title='bbox 1115 3159 1301 3223; x_wconf 90' lang='lat' dir='ltr'>comoedias</span> <span class='ocrx_word' id='word_1_169' title='bbox 1323 3159 1436 3243; x_wconf 91' lang='lat' dir='ltr'>legere.</span> <span class='ocrx_word' id='word_1_170' title='bbox 1463 3158 1533 3222; x_wconf 90' lang='lat' dir='ltr'>Nisi</span> <span class='ocrx_word' id='word_1_171' title='bbox 1556 3170 1591 3221; x_wconf 93' lang='lat' dir='ltr'>tu</span> 
     </span>
     <span class='ocr_line' id='line_1_21' title="bbox 132 3262 1590 3347; baseline -0.001 -21"><span class='ocrx_word' id='word_1_172' title='bbox 132 3263 353 3347; x_wconf 85' lang='lat' dir='ltr'>indignatione</span> <span class='ocrx_word' id='word_1_173' title='bbox 383 3274 439 3325; x_wconf 90' lang='lat' dir='ltr'>tua</span> <span class='ocrx_word' id='word_1_174' title='bbox 468 3283 537 3326; x_wconf 90' lang='lat' dir='ltr'>rem</span> <span class='ocrx_word' id='word_1_175' title='bbox 567 3275 670 3327; x_wconf 88' lang='lat' dir='ltr'>totam</span> <span class='ocrx_word' id='word_1_176' title='bbox 700 3264 911 3328; x_wconf 89' lang='lat' dir='ltr'>reddidisses:</span> <span class='ocrx_word' id='word_1_177' title='bbox 944 3275 1030 3327; x_wconf 92' lang='lat' dir='ltr'>certe</span> <span class='ocrx_word' id='word_1_178' title='bbox 1060 3265 1110 3326; x_wconf 91' lang='lat' dir='ltr'>vel</span> <span class='ocrx_word' id='word_1_179' title='bbox 1140 3266 1340 3326; x_wconf 88' lang='lat' dir='ltr'>severissimo</span> <span class='ocrx_word' id='word_1_180' title='bbox 1368 3262 1590 3325; x_wconf 93' lang='lat' dir='ltr'>Romanorum</span> 
     </span>
     <span class='ocr_line' id='line_1_22' title="bbox 132 3366 1591 3448; baseline -0.001 -17"><span class='ocrx_word' id='word_1_181' title='bbox 132 3366 249 3431; x_wconf 85' lang='lat' dir='ltr'>Catoni</span> <span class='ocrx_word' id='word_1_182' title='bbox 271 3371 432 3448; x_wconf 88' lang='lat' dir='ltr'>potuisses</span> <span class='ocrx_word' id='word_1_183' title='bbox 454 3368 645 3431; x_wconf 90' lang='lat' dir='ltr'>cachinnum</span> <span class='ocrx_word' id='word_1_184' title='bbox 668 3369 789 3431; x_wconf 91' lang='lat' dir='ltr'>elicere.</span> <span class='ocrx_word' id='word_1_185' title='bbox 825 3367 900 3446; x_wconf 88' lang='lat' dir='ltr'>Sed,</span> <span class='ocrx_word' id='word_1_186' title='bbox 930 3388 1010 3448; x_wconf 89' lang='lat' dir='ltr'>pace</span> <span class='ocrx_word' id='word_1_187' title='bbox 1032 3381 1088 3432; x_wconf 92' lang='lat' dir='ltr'>tua</span> <span class='ocrx_word' id='word_1_188' title='bbox 1111 3370 1253 3444; x_wconf 86' lang='lat' dir='ltr'>dixerim,</span> <span class='ocrx_word' id='word_1_189' title='bbox 1284 3371 1352 3448; x_wconf 92' lang='lat' dir='ltr'>ipse</span> <span class='ocrx_word' id='word_1_190' title='bbox 1375 3367 1525 3430; x_wconf 89' lang='lat' dir='ltr'>ridiculus</span> <span class='ocrx_word' id='word_1_191' title='bbox 1548 3388 1591 3441; x_wconf 89' lang='lat' dir='ltr'>es,</span> 
     </span>
     <span class='ocr_line' id='line_1_23' title="bbox 131 3472 1592 3554; baseline 0 -20"><span class='ocrx_word' id='word_1_192' title='bbox 131 3474 188 3552; x_wconf 93' lang='lat' dir='ltr'>qui</span> <span class='ocrx_word' id='word_1_193' title='bbox 218 3473 262 3534; x_wconf 89' lang='lat' dir='ltr'>ita</span> <span class='ocrx_word' id='word_1_194' title='bbox 284 3472 392 3534; x_wconf 90' lang='lat' dir='ltr'>fremis</span> <span class='ocrx_word' id='word_1_195' title='bbox 421 3491 663 3553; x_wconf 89' lang='lat' dir='ltr'>succensesque,</span> <span class='ocrx_word' id='word_1_196' title='bbox 695 3475 786 3554; x_wconf 90' lang='lat' dir='ltr'>quasi</span> <span class='ocrx_word' id='word_1_197' title='bbox 817 3473 894 3534; x_wconf 93' lang='lat' dir='ltr'>nihil</span> <span class='ocrx_word' id='word_1_198' title='bbox 924 3492 1068 3554; x_wconf 91' lang='lat' dir='ltr'>unquam</span> <span class='ocrx_word' id='word_1_199' title='bbox 1091 3474 1251 3535; x_wconf 90' lang='lat' dir='ltr'>eiusmodi</span> <span class='ocrx_word' id='word_1_200' title='bbox 1280 3485 1336 3535; x_wconf 90' lang='lat' dir='ltr'>aut</span> <span class='ocrx_word' id='word_1_201' title='bbox 1362 3475 1393 3534; x_wconf 94' lang='lat' dir='ltr'>in</span> <span class='ocrx_word' id='word_1_202' title='bbox 1417 3473 1592 3553; x_wconf 89' lang='lat' dir='ltr'>parietibus</span> 
     </span>
     <span class='ocr_line' id='line_1_24' title="bbox 132 3575 1592 3660; baseline -0.002 -22"><span class='ocrx_word' id='word_1_203' title='bbox 132 3579 255 3657; x_wconf 91' lang='lat' dir='ltr'>pictum</span> <span class='ocrx_word' id='word_1_204' title='bbox 278 3586 334 3638; x_wconf 91' lang='lat' dir='ltr'>aut</span> <span class='ocrx_word' id='word_1_205' title='bbox 356 3579 388 3638; x_wconf 95' lang='lat' dir='ltr'>in</span> <span class='ocrx_word' id='word_1_206' title='bbox 411 3578 571 3657; x_wconf 77' lang='lat' dir='ltr'>poematis</span> <span class='ocrx_word' id='word_1_207' title='bbox 592 3576 711 3638; x_wconf 92' lang='lat' dir='ltr'>lectum</span> <span class='ocrx_word' id='word_1_208' title='bbox 734 3578 782 3639; x_wconf 90' lang='lat' dir='ltr'>sit.</span> <span class='ocrx_word' id='word_1_209' title='bbox 805 3576 875 3660; x_wconf 88' lang='lat' dir='ltr'>Ego</span> <span class='ocrx_word' id='word_1_210' title='bbox 892 3588 1000 3639; x_wconf 91' lang='lat' dir='ltr'>autem</span> <span class='ocrx_word' id='word_1_211' title='bbox 1024 3596 1090 3639; x_wconf 94' lang='lat' dir='ltr'>non</span> <span class='ocrx_word' id='word_1_212' title='bbox 1114 3577 1262 3659; x_wconf 84' lang='lat' dir='ltr'>intelligo,</span> <span class='ocrx_word' id='word_1_213' title='bbox 1286 3575 1364 3657; x_wconf 94' lang='lat' dir='ltr'>quid</span> <span class='ocrx_word' id='word_1_214' title='bbox 1378 3577 1420 3637; x_wconf 87' lang='lat' dir='ltr'>ab</span> <span class='ocrx_word' id='word_1_215' title='bbox 1437 3576 1485 3637; x_wconf 93' lang='lat' dir='ltr'>his</span> <span class='ocrx_word' id='word_1_216' title='bbox 1501 3594 1592 3636; x_wconf 94' lang='lat' dir='ltr'>mon-</span> 
     </span>
     <span class='ocr_line' id='line_1_25' title="bbox 131 3677 1591 3763; baseline -0.003 -20"><span class='ocrx_word' id='word_1_217' title='bbox 131 3683 205 3744; x_wconf 87' lang='lat' dir='ltr'>stris</span> <span class='ocrx_word' id='word_1_218' title='bbox 226 3679 313 3743; x_wconf 90' lang='lat' dir='ltr'>aliud</span> <span class='ocrx_word' id='word_1_219' title='bbox 335 3683 498 3761; x_wconf 88' lang='lat' dir='ltr'>expectari</span> <span class='ocrx_word' id='word_1_220' title='bbox 521 3680 633 3743; x_wconf 90' lang='lat' dir='ltr'>debuit</span> <span class='ocrx_word' id='word_1_221' title='bbox 656 3677 736 3763; x_wconf 86' lang='lat' dir='ltr'>(sic),</span> <span class='ocrx_word' id='word_1_222' title='bbox 766 3700 886 3760; x_wconf 88' lang='lat' dir='ltr'>nempe</span> <span class='ocrx_word' id='word_1_223' title='bbox 909 3701 1047 3762; x_wconf 93' lang='lat' dir='ltr'>quorum</span> <span class='ocrx_word' id='word_1_224' title='bbox 1070 3681 1150 3743; x_wconf 89' lang='lat' dir='ltr'>alter</span> <span class='ocrx_word' id='word_1_225' title='bbox 1176 3684 1218 3744; x_wconf 87' lang='lat' dir='ltr'>ita</span> <span class='ocrx_word' id='word_1_226' title='bbox 1241 3691 1380 3743; x_wconf 91' lang='lat' dir='ltr'>aetatem</span> <span class='ocrx_word' id='word_1_227' title='bbox 1406 3679 1591 3752; x_wconf 88' lang='lat' dir='ltr'>traduxerit,</span> 
     </span>
     <span class='ocr_line' id='line_1_26' title="bbox 131 3783 1590 3860; baseline -0.003 -12"><span class='ocrx_word' id='word_1_228' title='bbox 131 3796 169 3848; x_wconf 90' lang='lat' dir='ltr'>ut</span> <span class='ocrx_word' id='word_1_229' title='bbox 190 3804 274 3848; x_wconf 87' lang='lat' dir='ltr'>nova</span> <span class='ocrx_word' id='word_1_230' title='bbox 296 3785 376 3847; x_wconf 89' lang='lat' dir='ltr'>haec</span> <span class='ocrx_word' id='word_1_231' title='bbox 402 3787 472 3848; x_wconf 90' lang='lat' dir='ltr'>eius</span> <span class='ocrx_word' id='word_1_232' title='bbox 501 3785 612 3847; x_wconf 91' lang='lat' dir='ltr'>levitas</span> <span class='ocrx_word' id='word_1_233' title='bbox 634 3788 788 3847; x_wconf 88' lang='lat' dir='ltr'>anteactis</span> <span class='ocrx_word' id='word_1_234' title='bbox 818 3787 962 3849; x_wconf 91' lang='lat' dir='ltr'>moribus</span> <span class='ocrx_word' id='word_1_235' title='bbox 992 3786 1108 3849; x_wconf 90' lang='lat' dir='ltr'>collata</span> <span class='ocrx_word' id='word_1_236' title='bbox 1140 3784 1313 3848; x_wconf 88' lang='lat' dir='ltr'>tolerabilis</span> <span class='ocrx_word' id='word_1_237' title='bbox 1342 3786 1390 3860; x_wconf 90' lang='lat' dir='ltr'>sit,</span> <span class='ocrx_word' id='word_1_238' title='bbox 1422 3783 1501 3846; x_wconf 87' lang='lat' dir='ltr'>alter</span> <span class='ocrx_word' id='word_1_239' title='bbox 1523 3803 1590 3844; x_wconf 92' lang='lat' dir='ltr'>non</span> 
     </span>
     <span class='ocr_line' id='line_1_27' title="bbox 131 3888 1590 3973; baseline -0.002 -21"><span class='ocrx_word' id='word_1_240' title='bbox 131 3888 239 3953; x_wconf 90' lang='lat' dir='ltr'>solum</span> <span class='ocrx_word' id='word_1_241' title='bbox 260 3888 407 3953; x_wconf 89' lang='lat' dir='ltr'>libidines</span> <span class='ocrx_word' id='word_1_242' title='bbox 429 3909 504 3953; x_wconf 91' lang='lat' dir='ltr'>suas</span> <span class='ocrx_word' id='word_1_243' title='bbox 527 3908 594 3952; x_wconf 92' lang='lat' dir='ltr'>non</span> <span class='ocrx_word' id='word_1_244' title='bbox 617 3889 805 3966; x_wconf 91' lang='lat' dir='ltr'>dissimulat,</span> <span class='ocrx_word' id='word_1_245' title='bbox 829 3890 887 3953; x_wconf 92' lang='lat' dir='ltr'>sed</span> <span class='ocrx_word' id='word_1_246' title='bbox 910 3892 953 3952; x_wconf 87' lang='lat' dir='ltr'>ita</span> <span class='ocrx_word' id='word_1_247' title='bbox 975 3891 1056 3966; x_wconf 89' lang='lat' dir='ltr'>vivit,</span> <span class='ocrx_word' id='word_1_248' title='bbox 1087 3902 1122 3952; x_wconf 93' lang='lat' dir='ltr'>ut</span> <span class='ocrx_word' id='word_1_249' title='bbox 1145 3889 1277 3973; x_wconf 86' lang='lat' dir='ltr'>gloriam</span> <span class='ocrx_word' id='word_1_250' title='bbox 1301 3889 1376 3951; x_wconf 91' lang='lat' dir='ltr'>inde</span> <span class='ocrx_word' id='word_1_251' title='bbox 1399 3899 1508 3969; x_wconf 90' lang='lat' dir='ltr'>petere</span> <span class='ocrx_word' id='word_1_252' title='bbox 1531 3907 1590 3967; x_wconf 93' lang='lat' dir='ltr'>po·</span> 
     </span>
     <span class='ocr_line' id='line_1_28' title="bbox 132 3992 1650 4075; baseline -0.002 -19"><span class='ocrx_word' id='word_1_253' title='bbox 132 3993 344 4075; x_wconf 89' lang='lat' dir='ltr'>pularemque</span> <span class='ocrx_word' id='word_1_254' title='bbox 369 4013 481 4056; x_wconf 89' lang='lat' dir='ltr'>auram</span> <span class='ocrx_word' id='word_1_255' title='bbox 512 4004 643 4072; x_wconf 92' lang='lat' dir='ltr'>captare</span> <span class='ocrx_word' id='word_1_256' title='bbox 672 3993 825 4057; x_wconf 87' lang='lat' dir='ltr'>videatur.</span> <span class='ocrx_word' id='word_1_257' title='bbox 860 3993 958 4057; x_wconf 89' lang='lat' dir='ltr'>Unde</span> <span class='ocrx_word' id='word_1_258' title='bbox 988 3993 1031 4070; x_wconf 88' lang='lat' dir='ltr'>fit,</span> <span class='ocrx_word' id='word_1_259' title='bbox 1062 4006 1096 4057; x_wconf 93' lang='lat' dir='ltr'>ut</span> <span class='ocrx_word' id='word_1_260' title='bbox 1127 3994 1254 4055; x_wconf 91' lang='lat' dir='ltr'>abhoc</span> <span class='ocrx_word' id='word_1_261' title='bbox 1283 4012 1399 4075; x_wconf 90' lang='lat' dir='ltr'>genere</span> <span class='ocrx_word' id='word_1_262' title='bbox 1422 3992 1589 4054; x_wconf 93' lang='lat' dir='ltr'>hominum</span> <span class='ocrx_word' id='word_1_263' title='bbox 1645 4052 1650 4059; x_wconf 86' lang='grc'><strong>,</strong></span> 
     </span>
     <span class='ocr_line' id='line_1_29' title="bbox 132 4096 1590 4180; baseline -0.002 -20"><span class='ocrx_word' id='word_1_264' title='bbox 132 4100 372 4174; x_wconf 89' lang='lat' dir='ltr'>continentiam,</span> <span class='ocrx_word' id='word_1_265' title='bbox 399 4099 623 4180; x_wconf 88' lang='lat' dir='ltr'>integritatem,</span> <span class='ocrx_word' id='word_1_266' title='bbox 653 4098 813 4178; x_wconf 91' lang='lat' dir='ltr'>pudorem</span> <span class='ocrx_word' id='word_1_267' title='bbox 843 4100 1153 4178; x_wconf 89' lang='lat' dir='ltr'>sanctimoniamque</span> <span class='ocrx_word' id='word_1_268' title='bbox 1183 4100 1311 4180; x_wconf 88' lang='lat' dir='ltr'>exigere</span> <span class='ocrx_word' id='word_1_269' title='bbox 1340 4096 1416 4158; x_wconf 89' lang='lat' dir='ltr'>nihil</span> <span class='ocrx_word' id='word_1_270' title='bbox 1441 4096 1527 4159; x_wconf 88' lang='lat' dir='ltr'>aliud</span> <span class='ocrx_word' id='word_1_271' title='bbox 1550 4098 1590 4159; x_wconf 93' lang='lat' dir='ltr'>sit</span> 
     </span>
     <span class='ocr_line' id='line_1_30' title="bbox 131 4200 1590 4284; baseline -0.002 -20"><span class='ocrx_word' id='word_1_272' title='bbox 131 4222 232 4283; x_wconf 89' lang='lat' dir='ltr'>quam</span> <span class='ocrx_word' id='word_1_273' title='bbox 253 4202 342 4284; x_wconf 90' lang='lat' dir='ltr'>apud</span> <span class='ocrx_word' id='word_1_274' title='bbox 364 4221 483 4281; x_wconf 92' lang='lat' dir='ltr'>porcos</span> <span class='ocrx_word' id='word_1_275' title='bbox 504 4200 658 4262; x_wconf 86' lang='lat' dir='ltr'>lautitiam</span> <span class='ocrx_word' id='word_1_276' title='bbox 682 4221 843 4282; x_wconf 90' lang='lat' dir='ltr'>quaerere.</span> <span class='ocrx_word' id='word_1_277' title='bbox 867 4201 983 4283; x_wconf 88' lang='lat' dir='ltr'>Neque</span> <span class='ocrx_word' id='word_1_278' title='bbox 998 4214 1029 4264; x_wconf 89' lang='lat' dir='ltr'>te</span> <span class='ocrx_word' id='word_1_279' title='bbox 1045 4214 1182 4274; x_wconf 86' lang='lat' dir='ltr'>moveat,</span> <span class='ocrx_word' id='word_1_280' title='bbox 1206 4201 1295 4282; x_wconf 90' lang='lat' dir='ltr'>quod</span> <span class='ocrx_word' id='word_1_281' title='bbox 1318 4220 1437 4263; x_wconf 90' lang='lat' dir='ltr'>nomen</span> <span class='ocrx_word' id='word_1_282' title='bbox 1460 4200 1590 4280; x_wconf 88' lang='lat' dir='ltr'>aliquod</span> 
     </span>
     <span class='ocr_line' id='line_1_31' title="bbox 131 4304 1590 4390; baseline -0.001 -22"><span class='ocrx_word' id='word_1_283' title='bbox 131 4309 165 4368; x_wconf 92' lang='lat' dir='ltr'>in</span> <span class='ocrx_word' id='word_1_284' title='bbox 187 4305 282 4370; x_wconf 87' lang='lat' dir='ltr'>literis</span> <span class='ocrx_word' id='word_1_285' title='bbox 304 4305 434 4369; x_wconf 90' lang='lat' dir='ltr'>habent.</span> <span class='ocrx_word' id='word_1_286' title='bbox 458 4304 504 4368; x_wconf 95' lang='lat' dir='ltr'>Ut</span> <span class='ocrx_word' id='word_1_287' title='bbox 518 4306 604 4367; x_wconf 90' lang='lat' dir='ltr'>enim</span> <span class='ocrx_word' id='word_1_288' title='bbox 626 4307 749 4367; x_wconf 90' lang='lat' dir='ltr'>semina</span> <span class='ocrx_word' id='word_1_289' title='bbox 770 4308 802 4367; x_wconf 95' lang='lat' dir='ltr'>in</span> <span class='ocrx_word' id='word_1_290' title='bbox 818 4305 940 4368; x_wconf 90' lang='lat' dir='ltr'>steriles</span> <span class='ocrx_word' id='word_1_291' title='bbox 963 4309 1106 4386; x_wconf 93' lang='lat' dir='ltr'>proiecta</span> <span class='ocrx_word' id='word_1_292' title='bbox 1125 4327 1222 4390; x_wconf 85' lang='lat' dir='ltr'>agros</span> <span class='ocrx_word' id='word_1_293' title='bbox 1236 4325 1303 4368; x_wconf 94' lang='lat' dir='ltr'>non</span> <span class='ocrx_word' id='word_1_294' title='bbox 1318 4324 1447 4385; x_wconf 84' lang='lat' dir='ltr'>semper</span> <span class='ocrx_word' id='word_1_295' title='bbox 1470 4306 1590 4367; x_wconf 91' lang='lat' dir='ltr'>fructus</span> 
     </span>
     <span class='ocr_line' id='line_1_32' title="bbox 132 4409 1589 4491; baseline -0.003 -17"><span class='ocrx_word' id='word_1_296' title='bbox 132 4411 333 4491; x_wconf 90' lang='lat' dir='ltr'>producunt:</span> <span class='ocrx_word' id='word_1_297' title='bbox 367 4413 411 4473; x_wconf 85' lang='lat' dir='ltr'>ita</span> <span class='ocrx_word' id='word_1_298' title='bbox 440 4420 473 4472; x_wconf 92' lang='lat' dir='ltr'>et</span> <span class='ocrx_word' id='word_1_299' title='bbox 494 4409 611 4486; x_wconf 90' lang='lat' dir='ltr'>literae,</span> <span class='ocrx_word' id='word_1_300' title='bbox 643 4409 825 4491; x_wconf 90' lang='lat' dir='ltr'>siquando</span> <span class='ocrx_word' id='word_1_301' title='bbox 854 4413 886 4472; x_wconf 92' lang='lat' dir='ltr'>in</span> <span class='ocrx_word' id='word_1_302' title='bbox 909 4421 1095 4490; x_wconf 90' lang='lat' dir='ltr'>corruptum</span> <span class='ocrx_word' id='word_1_303' title='bbox 1127 4410 1404 4490; x_wconf 87' lang='lat' dir='ltr'>depravatumque</span> <span class='ocrx_word' id='word_1_304' title='bbox 1427 4411 1589 4491; x_wconf 92' lang='lat' dir='ltr'>ingenium</span> 
     </span>
     <span class='ocr_line' id='line_1_33' title="bbox 132 4514 1591 4599; baseline -0.003 -22"><span class='ocrx_word' id='word_1_305' title='bbox 132 4514 286 4589; x_wconf 91' lang='lat' dir='ltr'>incidunt,</span> <span class='ocrx_word' id='word_1_306' title='bbox 316 4516 448 4577; x_wconf 91' lang='lat' dir='ltr'>minime</span> <span class='ocrx_word' id='word_1_307' title='bbox 470 4530 552 4590; x_wconf 89' lang='lat' dir='ltr'>eam,</span> <span class='ocrx_word' id='word_1_308' title='bbox 583 4534 667 4595; x_wconf 91' lang='lat' dir='ltr'>quae</span> <span class='ocrx_word' id='word_1_309' title='bbox 698 4525 851 4594; x_wconf 90' lang='lat' dir='ltr'>speratur,</span> <span class='ocrx_word' id='word_1_310' title='bbox 883 4515 1005 4599; x_wconf 86' lang='lat' dir='ltr'>frugem</span> <span class='ocrx_word' id='word_1_311' title='bbox 1036 4517 1172 4595; x_wconf 89' lang='lat' dir='ltr'>pariunt.</span> <span class='ocrx_word' id='word_1_312' title='bbox 1206 4514 1379 4576; x_wconf 87' lang='lat' dir='ltr'>Declarant</span> <span class='ocrx_word' id='word_1_313' title='bbox 1410 4514 1441 4575; x_wconf 91' lang='lat' dir='ltr'>id</span> <span class='ocrx_word' id='word_1_314' title='bbox 1469 4525 1591 4574; x_wconf 85' lang='lat' dir='ltr'>veteres</span> 
     </span>
     <span class='ocr_line' id='line_1_34' title="bbox 131 4619 1591 4702; baseline -0.003 -21"><span class='ocrx_word' id='word_1_315' title='bbox 131 4619 325 4700; x_wconf 89' lang='lat' dir='ltr'>philosophi,</span> <span class='ocrx_word' id='word_1_316' title='bbox 355 4638 494 4700; x_wconf 94' lang='lat' dir='ltr'>quorum</span> <span class='ocrx_word' id='word_1_317' title='bbox 516 4620 660 4700; x_wconf 91' lang='lat' dir='ltr'>plerique</span> <span class='ocrx_word' id='word_1_318' title='bbox 684 4621 743 4681; x_wconf 90' lang='lat' dir='ltr'>etsi</span> <span class='ocrx_word' id='word_1_319' title='bbox 766 4619 912 4682; x_wconf 87' lang='lat' dir='ltr'>doctrina</span> <span class='ocrx_word' id='word_1_320' title='bbox 942 4622 1134 4702; x_wconf 87' lang='lat' dir='ltr'>ingenioque</span> <span class='ocrx_word' id='word_1_321' title='bbox 1164 4619 1357 4680; x_wconf 90' lang='lat' dir='ltr'>excellerent</span> <span class='ocrx_word' id='word_1_322' title='bbox 1380 4628 1411 4678; x_wconf 90' lang='lat' dir='ltr'>et</span> <span class='ocrx_word' id='word_1_323' title='bbox 1434 4637 1469 4678; x_wconf 92' lang='lat' dir='ltr'>se</span> <span class='ocrx_word' id='word_1_324' title='bbox 1492 4620 1591 4700; x_wconf 86' lang='lat' dir='ltr'>magi-</span> 
     </span>
     <span class='ocr_line' id='line_1_35' title="bbox 132 4720 1591 4804; baseline -0.005 -16"><span class='ocrx_word' id='word_1_325' title='bbox 132 4737 218 4788; x_wconf 87' lang='lat' dir='ltr'>stros</span> <span class='ocrx_word' id='word_1_326' title='bbox 232 4725 354 4787; x_wconf 82' lang='lat' dir='ltr'>virtutis</span> <span class='ocrx_word' id='word_1_327' title='bbox 368 4723 601 4803; x_wconf 88' lang='lat' dir='ltr'>profiterentur,</span> <span class='ocrx_word' id='word_1_328' title='bbox 624 4734 732 4786; x_wconf 89' lang='lat' dir='ltr'>tamen</span> <span class='ocrx_word' id='word_1_329' title='bbox 749 4736 780 4786; x_wconf 92' lang='lat' dir='ltr'>et</span> <span class='ocrx_word' id='word_1_330' title='bbox 796 4727 950 4803; x_wconf 89' lang='lat' dir='ltr'>pecuniae</span> <span class='ocrx_word' id='word_1_331' title='bbox 966 4723 1232 4804; x_wconf 90' lang='lat' dir='ltr'>voluptatumque</span> <span class='ocrx_word' id='word_1_332' title='bbox 1255 4722 1362 4801; x_wconf 91' lang='lat' dir='ltr'>cupidi</span> <span class='ocrx_word' id='word_1_333' title='bbox 1377 4732 1408 4783; x_wconf 90' lang='lat' dir='ltr'>et</span> <span class='ocrx_word' id='word_1_334' title='bbox 1424 4720 1591 4782; x_wconf 92' lang='lat' dir='ltr'>libidinum</span> 
     </span>
     <span class='ocr_line' id='line_1_36' title="bbox 131 4825 1591 4911; baseline -0.003 -21"><span class='ocrx_word' id='word_1_335' title='bbox 131 4828 319 4911; x_wconf 89' lang='lat' dir='ltr'>gloriaeque</span> <span class='ocrx_word' id='word_1_336' title='bbox 341 4830 423 4890; x_wconf 88' lang='lat' dir='ltr'>servi</span> <span class='ocrx_word' id='word_1_337' title='bbox 446 4828 579 4891; x_wconf 89' lang='lat' dir='ltr'>fuerunt.</span> <span class='ocrx_word' id='word_1_338' title='bbox 603 4826 718 4908; x_wconf 93' lang='lat' dir='ltr'>Neque</span> <span class='ocrx_word' id='word_1_339' title='bbox 741 4830 772 4889; x_wconf 94' lang='lat' dir='ltr'>in</span> <span class='ocrx_word' id='word_1_340' title='bbox 788 4827 941 4910; x_wconf 90' lang='lat' dir='ltr'>religione</span> <span class='ocrx_word' id='word_1_341' title='bbox 963 4839 1072 4889; x_wconf 90' lang='lat' dir='ltr'>nostra</span> <span class='ocrx_word' id='word_1_342' title='bbox 1095 4839 1150 4890; x_wconf 91' lang='lat' dir='ltr'>aut</span> <span class='ocrx_word' id='word_1_343' title='bbox 1166 4827 1241 4888; x_wconf 93' lang='lat' dir='ltr'>olim</span> <span class='ocrx_word' id='word_1_344' title='bbox 1265 4826 1435 4887; x_wconf 84' lang='lat' dir='ltr'>defuerunt</span> <span class='ocrx_word' id='word_1_345' title='bbox 1458 4837 1514 4886; x_wconf 91' lang='lat' dir='ltr'>aut</span> <span class='ocrx_word' id='word_1_346' title='bbox 1529 4825 1591 4886; x_wconf 89' lang='lat' dir='ltr'>hoc</span> 
     </span>
     <span class='ocr_line' id='line_1_37' title="bbox 134 4928 1592 5013; baseline -0.003 -18"><span class='ocrx_word' id='word_1_347' title='bbox 134 4945 281 5013; x_wconf 88' lang='lat' dir='ltr'>tempore</span> <span class='ocrx_word' id='word_1_348' title='bbox 303 4932 427 5008; x_wconf 89' lang='lat' dir='ltr'>desunt,</span> <span class='ocrx_word' id='word_1_349' title='bbox 458 4950 597 5012; x_wconf 93' lang='lat' dir='ltr'>quorum</span> <span class='ocrx_word' id='word_1_350' title='bbox 625 4935 687 4994; x_wconf 90' lang='lat' dir='ltr'>vita</span> <span class='ocrx_word' id='word_1_351' title='bbox 718 4933 801 4994; x_wconf 92' lang='lat' dir='ltr'>adeo</span> <span class='ocrx_word' id='word_1_352' title='bbox 831 4952 905 4994; x_wconf 93' lang='lat' dir='ltr'>cum</span> <span class='ocrx_word' id='word_1_353' title='bbox 936 4935 1081 4994; x_wconf 89' lang='lat' dir='ltr'>oratione</span> <span class='ocrx_word' id='word_1_354' title='bbox 1112 4931 1251 5005; x_wconf 88' lang='lat' dir='ltr'>dissidet,</span> <span class='ocrx_word' id='word_1_355' title='bbox 1282 4940 1316 4992; x_wconf 94' lang='lat' dir='ltr'>ut</span> <span class='ocrx_word' id='word_1_356' title='bbox 1347 4928 1421 4991; x_wconf 93' lang='lat' dir='ltr'>nihil</span> <span class='ocrx_word' id='word_1_357' title='bbox 1445 4929 1592 4991; x_wconf 87' lang='lat' dir='ltr'>didicisse</span> 
     </span>
     <span class='ocr_line' id='line_1_38' title="bbox 134 5035 1592 5113; baseline -0.004 -13"><span class='ocrx_word' id='word_1_358' title='bbox 134 5037 239 5100; x_wconf 91' lang='lat' dir='ltr'>multo</span> <span class='ocrx_word' id='word_1_359' title='bbox 262 5036 321 5099; x_wconf 91' lang='lat' dir='ltr'>illis</span> <span class='ocrx_word' id='word_1_360' title='bbox 342 5037 455 5099; x_wconf 91' lang='lat' dir='ltr'>melius</span> <span class='ocrx_word' id='word_1_361' title='bbox 477 5037 577 5098; x_wconf 90' lang='lat' dir='ltr'>fuerit.</span> <span class='ocrx_word' id='word_1_362' title='bbox 616 5036 713 5100; x_wconf 91' lang='lat' dir='ltr'>Unde</span> <span class='ocrx_word' id='word_1_363' title='bbox 742 5038 856 5098; x_wconf 90' lang='lat' dir='ltr'>scitum</span> <span class='ocrx_word' id='word_1_364' title='bbox 887 5035 962 5098; x_wconf 91' lang='lat' dir='ltr'>illud</span> <span class='ocrx_word' id='word_1_365' title='bbox 994 5038 1087 5097; x_wconf 91' lang='lat' dir='ltr'>unius</span> <span class='ocrx_word' id='word_1_366' title='bbox 1110 5055 1151 5096; x_wconf 91' lang='lat' dir='ltr'>ex</span> <span class='ocrx_word' id='word_1_367' title='bbox 1175 5054 1212 5095; x_wconf 92' lang='lat' dir='ltr'>ea</span> <span class='ocrx_word' id='word_1_368' title='bbox 1236 5036 1329 5096; x_wconf 90' lang='lat' dir='ltr'>turba</span> <span class='ocrx_word' id='word_1_369' title='bbox 1353 5045 1409 5108; x_wconf 89' lang='lat' dir='ltr'>est,</span> <span class='ocrx_word' id='word_1_370' title='bbox 1441 5036 1592 5113; x_wconf 91' lang='lat' dir='ltr'>quicum</span> 
     </span>
     <span class='ocr_line' id='line_1_39' title="bbox 134 5138 1591 5223; baseline -0.005 -19"><span class='ocrx_word' id='word_1_371' title='bbox 134 5141 177 5204; x_wconf 89' lang='lat' dir='ltr'>de</span> <span class='ocrx_word' id='word_1_372' title='bbox 188 5145 341 5223; x_wconf 89' lang='lat' dir='ltr'>patientia</span> <span class='ocrx_word' id='word_1_373' title='bbox 351 5141 452 5203; x_wconf 91' lang='lat' dir='ltr'>multa</span> <span class='ocrx_word' id='word_1_374' title='bbox 467 5142 584 5203; x_wconf 88' lang='lat' dir='ltr'>cotidie</span> <span class='ocrx_word' id='word_1_375' title='bbox 595 5161 637 5203; x_wconf 92' lang='lat' dir='ltr'>ex</span> <span class='ocrx_word' id='word_1_376' title='bbox 649 5152 812 5223; x_wconf 89' lang='lat' dir='ltr'>suggestu,</span> <span class='ocrx_word' id='word_1_377' title='bbox 828 5151 863 5203; x_wconf 91' lang='lat' dir='ltr'>ut</span> <span class='ocrx_word' id='word_1_378' title='bbox 878 5139 922 5217; x_wconf 88' lang='lat' dir='ltr'>tit,</span> <span class='ocrx_word' id='word_1_379' title='bbox 938 5139 1168 5213; x_wconf 90' lang='lat' dir='ltr'>vociferaretur,</span> <span class='ocrx_word' id='word_1_380' title='bbox 1185 5138 1358 5218; x_wconf 89' lang='lat' dir='ltr'>fuissetque</span> <span class='ocrx_word' id='word_1_381' title='bbox 1375 5139 1403 5199; x_wconf 93' lang='lat' dir='ltr'>ei</span> <span class='ocrx_word' id='word_1_382' title='bbox 1420 5139 1591 5209; x_wconf 85' lang='lat' dir='ltr'>obiectum,</span> 
     </span>
     <span class='ocr_line' id='line_1_40' title="bbox 133 5242 1591 5331; baseline -0.006 -20"><span class='ocrx_word' id='word_1_383' title='bbox 133 5248 224 5331; x_wconf 91' lang='lat' dir='ltr'>quod</span> <span class='ocrx_word' id='word_1_384' title='bbox 246 5258 356 5311; x_wconf 90' lang='lat' dir='ltr'>tantus</span> <span class='ocrx_word' id='word_1_385' title='bbox 370 5248 541 5329; x_wconf 90' lang='lat' dir='ltr'>patientiae</span> <span class='ocrx_word' id='word_1_386' title='bbox 556 5245 704 5308; x_wconf 91' lang='lat' dir='ltr'>laudator</span> <span class='ocrx_word' id='word_1_387' title='bbox 725 5246 890 5307; x_wconf 90' lang='lat' dir='ltr'>levissimis</span> <span class='ocrx_word' id='word_1_388' title='bbox 905 5245 947 5306; x_wconf 91' lang='lat' dir='ltr'>de</span> <span class='ocrx_word' id='word_1_389' title='bbox 962 5245 1065 5306; x_wconf 91' lang='lat' dir='ltr'>causis</span> <span class='ocrx_word' id='word_1_390' title='bbox 1082 5263 1314 5323; x_wconf 87' lang='lat' dir='ltr'>nonnunquam</span> <span class='ocrx_word' id='word_1_391' title='bbox 1335 5242 1591 5315; x_wconf 90' lang='lat' dir='ltr'>excandesceret,</span> 
     </span>
    </p>
   </div>
   <div class='ocr_carea' id='block_1_9' title="bbox 0 0 1838 5850">
    <p class='ocr_par' dir='ltr' id='par_1_9' title="bbox 0 0 1838 5850">
     <span class='ocr_line' id='line_1_41' title="bbox 0 0 1838 5850; baseline 0 0"><span class='ocrx_word' id='word_1_392' title='bbox 0 0 1838 5850; x_wconf 95' lang='lat' dir='ltr'> </span> 
     </span>
    </p>
   </div>
  </div>
 </body>
</html>
