3660 5850
874 382 968 442 1504
1595 383 1647 437 148

283 591 376 645 Boule
395 609 412 644 a
424 591 548 659 rozbroje
561 609 579 643 v
592 591 706 645 Uhracb
725 591 814 660 trvaly
832 593 868 645 od
881 609 901 645 r.
916 591 983 643 1503
995 592 1031 644 do
1045 591 1114 645 1506
1132 593 1235 659 (srovn.
1254 593 1411 646 Palaclreho
1431 593 1463 656 V,
1476 591 1501 655 2,
1516 592 1564 645 101
1577 611 1594 647 a
1606 596 1652 662 n).

195 677 256 731 List
276 685 324 731 ten
343 678 423 731 mliie
443 678 500 746 by'ti
518 679 564 745 jen
584 679 709 732 neuscite
729 680 830 732 vrocen
850 679 995 732 vzbledem
1016 679 1031 730 k
1051 679 1237 740 Plutarchovi,
1257 697 1273 731 ο
1292 679 1373 732 nemi
1395 680 1446 732 zda
1465 697 1496 732 se
1515 678 1573 749 tyri
1591 689 1650 734 tato

193 764 305 817 zmlnlra
323 765 409 833 prvni.
430 766 527 817 Potom
547 766 657 819 obracel
677 784 707 818 se
721 766 860 818 Bohuslav
873 783 890 816 v
904 765 1008 834 pillinc
1028 766 1054 820 tt':
1069 766 1084 817 k
1098 766 1283 834 Augustinovi
1303 767 1532 820 Olomouclrkmu.
1552 755 1646 837 Recky

194 850 325 904 Plutarch
345 852 395 903 zde
416 852 528 919 mineny'
548 852 593 920 byl
613 851 716 920 nejspis
734 851 846 920 rukopis
865 853 960 904 slavnt
980 851 1123 920 lmihovny
1142 852 1285 905 kralovske
1304 870 1321 904 v
1340 853 1447 905 Budlne
1469 852 1648 920 (bibliotheca

194 937 332 1006 corvina),
356 938 432 990 litera
458 939 543 990 mimo
566 939 623 1006 jine
647 940 709 991 take
733 937 882 1007 zpusobem
903 939 953 991 zde
978 940 1179 1007 naznacenpim,
1205 939 1315 1006 myslr'm
1340 940 1510 1002 darovdnim
1535 941 1646 1008 pomalu

193 1025 355 1094 rozrnetAna
373 1024 437 1092 byla
450 1025 485 1076 do
499 1026 584 1078 vsech
604 1026 669 1078 dblrl
688 1027 806 1094 Evropy.
825 1025 938 1078 Tiskem
956 1025 1047 1093 vyddn
1067 1025 1113 1093 byl
1126 1025 1209 1092 iecky'
1228 1025 1357 1078 Plutarch
1378 1026 1508 1078 mnohem
1528 1026 1644 1095 pozdcji.

888 1326 958 1387 106.

616 1460 835 1535 Bohuslav
858 1462 967 1554 Janu
997 1440 1223 1535 blechtovi.

279 1631 343 1686 tout
363 1659 392 1667 -
413 1630 439 1685 8.
459 1629 538 1700 ilina.
558 1631 720 1698 Oznamuje‚
735 1632 765 1684 ie
785 1634 921 1685 nedostav
938 1633 1041 1686 dlouho
1060 1633 1185 1686 tadneho
1204 1632 1268 1686 listu
1287 1632 1373 1700 poslal
1394 1633 1549 1686 zvlaistniho
1565 1633 1644 1702 posia

192 1735 222 1768 se
240 1717 349 1784 psanim
369 1717 405 1769 do
424 1717 533 1770 Budlna
552 1719 667 1780 neveda,
686 1719 717 1771 ie
736 1719 820 1771 zatim
840 1705 952 1771 Slechta
968 1718 1022 1786 jest
1042 1737 1077 1772 na
1096 1719 1196 1772 blizku.
1215 1719 1301 1780 Prosl‚
1320 1718 1374 1786 aby
1393 1736 1423 1771 se
1436 1736 1453 1771 0
1466 1728 1495 1772 to
1513 1720 1650 1787 postaral,

193 1803 229 1871 by
248 1820 266 1855 o
283 1804 438 1856 zadrienou
459 1805 541 1856 mzdu
560 1804 687 1872 neptillel.
705 1806 796 1872 (Nova
814 1805 893 1873 epist.
913 1823 973 1873 app.
996 1807 1065 1871 llo.)

276 1979 390 2061 joanni
421 1979 584 2044 Sslechtae
607 2002 630 2043 s.
654 1982 684 2043 d.
722 1981 964 2061 Saepenumero
994 1982 1035 2042 ad
1068 1991 1098 2042 tc
1122 1983 1238 2060 scripsi,
1267 1981 1325 2042 sed
1357 1984 1554 2062 nescioquo
1578 1983 1644 2043 sato

192 2082 314 2157 accidit,
339 2095 380 2154 ut,
404 2083 482 2145 dum
514 2084 622 2146 literae
652 2103 743 2147 meae
773 2085 829 2148 tibi
857 2104 922 2146 non
953 2084 1138 2159 redduntur,
1162 2098 1197 2147 tu
1220 2104 1352 2164 quoque
1382 2085 1456 2146 nihil
1484 2087 1646 2148 rescribas.

192 2185 276 2266 Quin
301 2190 397 2249 etiam
420 2189 576 2267 proximis
607 2188 654 2248 bis
685 2188 807 2263 diebus,
831 2188 909 2251 dum
941 2192 1054 2270 ignoro
1076 2200 1109 2249 te
1131 2208 1192 2267 pro
1216 2189 1336 2250 foribus
1360 2186 1407 2270 (ut
1431 2191 1472 2250 ita
1496 2186 1646 2271 dixerim)

192 2310 276 2369 pene
299 2310 377 2364 esse,
401 2289 526 2353 Budam
550 2295 702 2353 nuncium
725 2312 799 2353 cum
823 2292 920 2355 literis
943 2292 984 2354 ad
1008 2294 1147 2353 remisi:
1175 2311 1258 2372 quae
1281 2292 1393 2372 quales
1415 2304 1505 2355 erant
1529 2292 1646 2373 quidve

192 2394 406 2468 continebant,
430 2398 544 2475 partim
568 2396 671 2458 Lucas
700 2416 810 2458 coram
841 2398 962 2469 reseret,
986 2399 1101 2476 partim
1132 2416 1174 2457 ex
1204 2396 1320 2459 scheda
1349 2396 1503 2476 epistolae
1526 2397 1646 2459 inclusa

192 2517 377 2582 cognosces.
401 2499 516 2560 Precor
535 2511 643 2561 autem
666 2500 725 2561 abs
749 2511 788 2572 te,
812 2502 854 2561 mi
871 2498 1025 2575 Sslechta,
1042 2514 1086 2575 ut,
1102 2502 1127 2561 si
1143 2519 1270 2582 semper
1293 2502 1356 2561 mei
1380 2500 1542 2562 studiosus
1563 2499 1645 2562 fuisti

192 2603 331 2682 nihilque
354 2622 475 2676 eorum,
491 2622 574 2683 quae
597 2604 639 2664 ad
662 2622 715 2663 me
738 2603 919 2665 ornandum
941 2605 1138 2684 spectabant,
1162 2607 1408 2684 praetermisisti,
1428 2605 1490 2666 hoc
1512 2624 1644 2686 quoque

193 2706 267 2768 mihi
290 2719 436 2786 tempore
463 2706 556 2767 adsis
589 2704 681 2785 Quae
707 2709 794 2768 enim
817 2719 871 2769 tua
893 2707 1061 2786 prudentia
1083 2721 1181 2788 atquc
1203 2708 1380 2770 authoritas
1403 2720 1459 2783 est,
1482 2708 1572 2770 facile
1596 2705 1643 2792 (ut

192 2829 251 2894 ego
273 2809 421 2891 arbitror)
438 2810 477 2885 id,
494 2809 584 2890 quod
606 2813 711 2890 cupi0,
730 2822 891 2892 praestare
914 2823 945 2874 et
970 2812 1044 2873 mihi
1067 2831 1200 2892 operam
1223 2832 1338 2874 navare
1361 2815 1489 2893 poteris.
1512 2811 1586 2892 Qua
1609 2815 1641 2874 in

192 2934 223 2976 re
246 2918 270 2976 si
294 2915 390 2988 fallor,
413 2914 633 2997 difficiliorque
663 2916 742 2978 haec
772 2917 932 2996 provincia
963 2928 1019 2991 est,
1042 2935 1140 2995 quarn
1171 2916 1246 2978 mihi
1270 2914 1465 2995 persuadeo:
1495 2935 1562 2977 non
1586 2918 1641 2978 ab·

192 3019 321 3081 surdum
337 3032 446 3082 tamen
470 3021 612 3082 forsitam
635 3022 700 3095 erit,
716 3023 855 3082 amicum
878 3031 978 3094 tuum,
995 3040 1092 3098 quem
1116 3021 1203 3100 prius
1226 3023 1348 3094 amasti,
1364 3039 1461 3100 quam
1484 3038 1641 3094 nosceres,

193 3122 235 3184 vel
260 3126 384 3205 magnis
407 3125 469 3187 tuis
491 3127 573 3187 curis
596 3136 692 3204 atque
714 3124 877 3186 laboribus
901 3122 1049 3185 mercede
1072 3143 1130 3185 sua
1153 3143 1218 3185 non
1243 3143 1313 3184 esse
1336 3123 1526 3186 fraudatum.
1550 3123 1642 3187 Vale.

193 3226 292 3289 Datae
316 3247 400 3288 anno
424 3227 547 3289 domini
573 3227 656 3292 1504
679 3227 796 3291 Octob.
822 3227 849 3290 8.

275 3402 389 3467 Slechta
407 3415 474 3467 toho
493 3417 559 3467 casu
578 3414 632 3467 dlel
651 3432 668 3466 v
687 3402 817 3468 dechach
836 3431 852 3467 a
871 3415 942 3468 ienil
962 3433 992 3467 se
1010 3417 1034 3468 4.
1054 3414 1123 3482 tljna
1145 3415 1268 3484 podruhc
1293 3419 1328 3483 (v.
1347 3415 1402 3482 muj
1422 3416 1521 3469 cldnek
1540 3433 1557 3468 v
1576 3404 1640 3469 Cas.

193 3501 263 3641 (Q,
279 3500 412 3639 lp‘illlstr.
431 3501 503 3564 450).
532 3502 609 3570 Kdyi
628 3501 674 3554 list
692 3509 769 3554 tento
788 3503 856 3570 psal,
875 3503 1016 3556 Bohuslav
1035 3505 1131 3570 patrol
1148 3502 1220 3570 jeste
1239 3504 1364 3565 nevedel,
1390 3505 1456 3571 proc
1476 3491 1589 3556 Slechta
1607 3504 1643 3556 do

284 3605 301 3656 p
317 3605 369 3654 rJe.

883 3818 953 3881 107.

616 3959 836 4033 Bohuslav
859 3959 968 4051 Janu
997 3935 1224 4030 bleehtovi.

274 4131 355 4195 (¹5⁰⁴
377 4161 402 4167 -
426 4145 460 4186 tta
478 4131 570 4197 zintu.)
599 4129 677 4196 Preje
702 4130 781 4182 §testi
801 4131 815 4182 k
836 4128 1042 4181 manielskemu
1067 4129 1174 4180 silatku.
1202 4128 1288 4190 Prosl,
1313 4127 1367 4194 aby
1391 4127 1502 4195 nejprve
1527 4145 1544 4179 o
1563 4136 1591 4180 to
1610 4146 1640 4180 sc

194 4217 321 4283 postaral‚
339 4216 393 4284 aby
412 4215 548 4268 zadriend
568 4217 649 4268 mzda
667 4215 795 4283 nejakym
815 4215 956 4283 vhodnp‘m
976 4214 1126 4282 zpusobem
1146 4231 1192 4266 mu
1211 4214 1275 4282 byla
1293 4215 1454 4281 vyplacena,
1473 4223 1567 4282 pntom
1587 4214 1641 4281 aby

192 4304 303 4372 vyrnobl
325 4321 356 4356 ve
376 4304 511 4371 prospcch
532 4302 599 4370 jeho
618 4320 634 4354 a
653 4302 763 4355 bratrbv
787 4304 860 4370 novi
886 4301 1013 4368 majestat
1039 4301 1073 4353 ku
1093 4301 1280 4368 Kadallsky‘m,
1304 4301 1357 4369 aby
1377 4317 1406 4352 se
1426 4301 1640 4368 poslulenstvim

191 4390 311 4442 zavazali
330 4408 401 4458 synu
420 4389 558 4444 bratrovu.
586 4390 656 4442 Dalle
675 4389 752 4452 iada,
771 4389 824 4457 aby
850 4389 913 4457 listy
937 4388 1122 4455 kratovskpmi
1142 4388 1260 4455 vyzvani
1279 4388 1335 4455 byli
1361 4389 1463 4455 napled
1490 4387 1565 4439 bratr
1583 4388 1642 4455 Jan,

190 4476 240 4544 aby
261 4476 329 4528 brad
348 4477 497 4544 Kadallsky'
517 4476 635 4544 opevnil,
655 4484 749 4544 potorn
770 4476 904 4533 mellanc.
923 4473 977 4543 aby
997 4474 1116 4542 opevnili
1137 4478 1234 4526 mesto,
1253 4475 1342 4540 (Nova
1362 4474 1440 4542 epist.
1459 4490 1520 4541 app.
1544 4475 1591 4539 lli.)

269 4651 384 4733 joanni
407 4651 571 4715 Sslccbtae
594 4673 617 4714 S.
641 4672 671 4730 p.
688 4652 717 4713 d.
742 4651 851 4713 Audio
874 4665 906 4713 tc
929 4671 1086 4714 auxorem
1112 4651 1257 4713 duxisse:
1281 4651 1425 4732 gratulor
1447 4651 1512 4722 tibi,
1536 4660 1641 4731 gratu-

187 4756 266 4818 larer
288 4768 398 4817 autem
421 4757 564 4835 pluribus
587 4759 698 4830 verbis,
722 4758 779 4817 nisi
803 4767 951 4836 putarem
975 4757 1029 4818 tibi
1054 4774 1242 4835 persuasum
1273 4773 1343 4815 esse
1367 4772 1418 4814 mc
1442 4773 1501 4831 pro
1529 4765 1639 4813 nostra

186 4862 322 4923 amicitia
345 4877 410 4920 non
435 4862 539 4922 minus
562 4863 722 4941 prosperis
746 4863 807 4921 tuis
830 4880 927 4939 quam
952 4861 1031 4920 meis
1055 4859 1213 4920 delectari.
1237 4856 1334 4936 Quod
1358 4877 1433 4918 vero
1457 4859 1544 4919 trinis
1560 4859 1640 4917 meis

186 4965 280 5027 literis
304 4964 381 5025 nihil
403 4965 565 5035 rescribas,
597 4967 709 5038 miror;
733 4975 763 5025 et
787 4966 940 5044 quoniam
969 4963 1113 5025 studium
1136 4974 1226 5023 tunm
1259 4974 1355 5042 atquc
1387 4961 1584 5042 diligentiam
1608 4962 1638 5020 in

185 5069 239 5143 his,
257 5088 342 5149 quae
359 5067 400 5128 ad
417 5087 469 5129 me
485 5070 654 5146 pertinent,
677 5086 910 5148 saepenumero
935 5080 1087 5148 expertus
1111 5086 1191 5141 sum,
1215 5067 1352 5127 arbitror
1367 5085 1422 5126 eas
1438 5066 1493 5126 tibi
1510 5065 1640 5124 minime

184 5173 325 5235 redditas
356 5191 434 5234 csse.
466 5174 576 5252 ltaque
607 5174 637 5233 in
668 5174 846 5253 praesentia
877 5181 1029 5249 repetam,
1060 5190 1143 5250 quac
1175 5170 1362 5250 iampridem
1393 5170 1434 5229 ad
1466 5180 1497 5230 te
1523 5169 1640 5246 scripsi.

183 5276 304 5338 Nescio
327 5280 421 5352 enim,
444 5296 510 5357 quo
535 5277 601 5337 lato
625 5275 657 5338 id
681 5278 814 5350 eveniat,
830 5287 865 5338 ut
888 5277 1043 5338 hactenns
1067 5277 1166 5354 stipes
1189 5292 1261 5334 mca
1284 5272 1360 5334 mibi
1384 5291 1449 5332 non
1474 5274 1512 5332 sit
1528 5270 1641 5342 soluta,
