3660 5850
871 399 962 458 1494.

274 609 372 662 Zaslr'rn
392 608 438 678 byl
458 610 646 663 Bohuslavovi
666 609 807 678 vytilltdny‘
826 611 948 678 hymnus
967 614 1063 678 patrue
1082 618 1169 678 proto,
1189 610 1220 662 le
1240 609 1372 663 existenci
1389 607 1456 676 jeho
1475 626 1493 660 v
1511 609 1639 662 dlouhtm

187 696 248 748 liste
270 696 424 764 pledelle'm
444 714 461 747 v
480 696 656 765 pochybnost
674 697 740 750 bral.
759 695 908 765 'l'islropisu
927 696 1066 749 talioveho
1084 714 1101 747 v
1120 696 1366 764 bibliograficky‘ch
1385 696 1554 749 seznamech
1570 694 1640 763 jsme

186 783 274 850 posud
294 783 457 851 nepostihli;
477 791 556 850 proto
576 784 712 851 myslime,
732 783 763 836 ie
783 801 812 836 se
832 783 949 836 nachael
968 782 1008 852 pti
1027 783 1169 836 ndlrterem
1185 783 1272 851 jinkm
1292 799 1308 835 z
1326 783 1448 851 eetnpch
1467 783 1512 835 del
1531 783 1638 834 Eneate

188 869 291 938 Sylvia‚
309 888 326 921 v
344 869 404 923 XV.
423 872 485 923 stol.
504 871 691 939 vytistdny‘ch.

890 1083 942 1145 5⁶2.

515 1219 733 1292 Bohuslav
762 1219 1027 1293 Viktorinovi
1055 1242 1104 1292 ze
1133 1219 1313 1293 Vdehrd.

274 1375 376 1441 (1494.)
395 1360 431 1427 Ze
445 1374 561 1427 nemdle
576 1391 621 1426 mu
636 1373 727 1426 vratiti
746 1374 897 1442 epigramm
912 1375 999 1427 rukou
1014 1373 1215 1426 Viktorinovou
1234 1374 1330 1441 psalmi,
1343 1370 1489 1441 pontvadi
1502 1372 1539 1425 ho
1552 1371 1638 1424 nemi.

188 1446 226 1514 Ze
246 1462 398 1529 odpovedel
415 1461 462 1529 jen
481 1477 496 1513 z
514 1460 652 1529 pobadatni
672 1461 798 1524 Pibrova,
815 1478 832 1513 a
845 1463 973 1530 odpoved
991 1469 1021 1513 tu
1040 1460 1162 1513 odvolati
1182 1460 1214 1513 ie
1232 1459 1359 1513 nemdie.
1378 1458 1421 1511 Na
1434 1457 1518 1511 lronci
1536 1458 1639 1526 nativi

187 1549 328 1616 platelstvi
348 1548 529 1601 Viktorinovo
548 1548 668 1616 lldenym
688 1566 704 1601 a
723 1549 931 1617 polrryteclry‘m.
952 1550 1043 1601 lNova
1062 1547 1141 1616 epist.
1162 1564 1223 1616 app.
1241 1545 1294 1613 40.)

275 1708 441 1770 Victorino
470 1708 510 1769 de
533 1707 688 1769 Wssehrd
712 1728 735 1768 s.
759 1727 788 1786 p.
812 1707 843 1769 d.
882 1707 965 1769 Petis
994 1711 1118 1781 iterum,
1143 1707 1314 1780 Victorino,
1345 1726 1365 1767 a
1387 1725 1449 1779 me,
1473 1716 1509 1766 ut
1531 1724 1637 1766 versus

187 1813 355 1893 quosdam,
378 1814 487 1874 nescio
510 1832 551 1874 an
578 1832 597 1874 a
623 1823 655 1875 tc
678 1815 885 1891 compositos,
909 1831 1006 1873 manu
1029 1822 1114 1873 certe
1136 1821 1192 1873 tua
1217 1812 1362 1889 scriptos,
1392 1811 1449 1871 tibi
1473 1809 1637 1871 remittam.

187 1917 364 1979 Gessissem
396 1916 583 1995 iampridem
614 1918 669 1979 tibi
702 1936 834 1987 morem,
865 1926 897 1977 et
927 1926 959 1977 te
986 1936 1070 1983 cura
1103 1934 1187 1996 quae
1210 1916 1352 1976 animum
1376 1924 1468 1977 tuum
1492 1915 1638 1995 exagitat,

186 2021 378 2093 liberassem,
402 2022 501 2082 sicubi
525 2031 761 2099 comparerent:
786 2020 843 2082 sed
875 2039 979 2100 neque
1002 2031 1199 2100 comparent,
1223 2038 1328 2099 neque
1352 2018 1537 2080 huiusmodi
1560 2030 1637 2090 sunt,

185 2138 219 2188 ut
243 2127 364 2187 scriniis
394 2127 508 2186 nostris
537 2125 652 2207 dignos
682 2125 828 2198 iudicem,
856 2127 976 2206 quippe
999 2127 1030 2185 in
1061 2126 1179 2204 quibus
1201 2122 1273 2202 plus
1300 2123 1520 2201 blasphemiae
1543 2140 1636 2202 quam

184 2224 359 2311 elegantiae
376 2232 560 2291 continetur.
585 2228 701 2307 Neque
717 2249 779 2311 ego
796 2229 851 2303 his,
875 2247 1060 2308 quanquam
1084 2228 1250 2289 manifeste
1266 2246 1319 2289 me
1334 2237 1488 2307 peterent,
1511 2244 1638 2306 respon·

182 2333 324 2396 dendum
356 2337 557 2412 putavissem,
589 2335 647 2394 nisi
677 2332 819 2414 loannes
849 2352 940 2394 meus
974 2333 1104 2394 Pibreus
1138 2334 1349 2393 temeritatem
1375 2330 1467 2403 illius,
1498 2332 1638 2411 quisquis

183 2438 313 2500 tandem
337 2457 451 2500 eorum
474 2457 623 2499 versuum
647 2448 739 2500 autor
761 2450 817 2509 est,
840 2456 927 2498 ame
950 2435 1077 2499 retundi
1104 2446 1136 2497 et
1162 2435 1303 2498 cohiberi
1325 2434 1487 2497 voluisset.
1518 2432 1636 2513 Quam·

187 2543 308 2617 obrem,
336 2544 361 2602 si
385 2543 429 2602 tui
453 2551 535 2615 sunt,
559 2541 624 2604 noli
648 2541 810 2623 indignari,
834 2544 860 2604 si
882 2540 1047 2604 lacessitus
1070 2542 1129 2602 abs
1152 2551 1192 2611 te,
1216 2549 1250 2601 ut
1274 2541 1375 2602 visum
1398 2550 1456 2613 est,
1479 2537 1638 2618 respondi:

187 2649 234 2707 sin
250 2655 367 2718 autem,
380 2655 414 2707 ut
426 2657 461 2707 tu
473 2647 665 2725 persuadere
680 2650 811 2720 conaris,
824 2646 960 2719 alterius,
972 2643 1028 2720 ille,
1041 2647 1095 2723 qui
1109 2645 1240 2723 scripsit,
1252 2645 1284 2704 in
1296 2663 1331 2705 se
1342 2645 1459 2723 scripta
1471 2644 1639 2714 existimet,

188 2759 221 2811 et
236 2752 389 2830 quoniam
406 2750 488 2810 male
504 2750 657 2829 loquutus
673 2762 729 2823 est,
746 2750 829 2810 male
845 2768 977 2829 quoque
994 2768 1029 2810 se
1054 2748 1164 2810 audire
1187 2767 1293 2828 aequo
1316 2749 1425 2809 animo
1440 2746 1528 2808 serat.
1544 2744 1639 2824 Quod

188 2855 285 2934 cupis,
308 2864 343 2914 ut
365 2866 483 2923 nostra,
506 2874 546 2915 ne
569 2856 626 2916 tibi
649 2853 822 2934 aliquando
846 2855 962 2928 obsint,
982 2872 1140 2927 revocem,
1164 2852 1197 2914 id
1220 2854 1247 2914 si
1269 2852 1345 2913 mihi
1368 2853 1528 2933 integrum
1552 2864 1640 2922 esset,

190 2958 336 3036 perfacile
359 2979 377 3018 a
401 2976 453 3018 me
476 2960 676 3037 impetrares:
708 2957 766 3019 sed
790 2976 889 3036 penes
908 2957 1067 3039 loannem
1097 2975 1229 3037 quoque
1253 2956 1402 3019 Pibreum
1425 2957 1495 3017 eius
1517 2956 1562 3015 rei
1585 2973 1640 3033 po

189 3072 288 3122 testas
310 3073 366 3133 est,
389 3065 443 3142 qui
459 3074 566 3123 tantus
581 3072 706 3124 amator
728 3063 848 3142 gloriae
870 3073 998 3123 nostrae
1021 3072 1077 3132 est,
1101 3072 1136 3123 ut
1158 3063 1264 3135 etiam,
1287 3080 1370 3141 quae
1394 3059 1640 3121 dormitantibus

189 3166 283 3226 nobis
306 3164 466 3240 excidunt,
490 3168 520 3226 in
543 3165 656 3247 vulgus
679 3176 809 3228 emittat.
841 3165 934 3244 Quae
957 3165 998 3227 de
1020 3167 1158 3227 amicitia
1179 3185 1254 3226 vera
1277 3183 1526 3239 commemoras,
1550 3176 1641 3225 caet

188 3271 365 3348 probantur
396 3270 469 3331 mihi
501 3282 531 3331 et
563 3291 582 3331 a
617 3282 729 3331 natura
759 3270 1057 3349 consuetudineque
1080 3289 1153 3331 mea
1175 3272 1305 3330 minime
1334 3269 1516 3341 abhorrent,
1540 3287 1642 3348 neque

187 3393 328 3455 unquam
352 3386 406 3436 aut
430 3375 546 3436 violata
568 3387 642 3437 suut
664 3396 682 3435 a
706 3394 758 3435 me
782 3394 841 3436 nec
868 3374 1077 3435 violabuntur.
1101 3371 1270 3436 Caeterum
1295 3387 1329 3436 ut
1348 3375 1441 3453 probi
1465 3376 1641 3455 integrique

185 3479 323 3539 hominis
353 3490 401 3540 est
427 3479 582 3540 amicitias
606 3477 687 3540 fidas
715 3498 800 3557 pure,
835 3490 944 3540 sancte
974 3479 1160 3558 sincereque
1191 3478 1312 3540 colere:
1343 3481 1384 3541 ita
1415 3488 1446 3539 et
1476 3478 1642 3559 prudentis

185 3581 276 3644 fictas
298 3582 531 3662 subdolasque,
562 3595 718 3663 quantum
751 3582 814 3642 lieri
842 3594 962 3662 potest,
995 3601 1113 3643 cavere.
1153 3581 1189 3643 ld
1218 3583 1273 3644 tibi
1297 3601 1429 3663 quoque
1461 3581 1642 3644 laciendum

185 3704 309 3747 censeo.
337 3686 425 3746 Vale.

273 3855 364 3907 Divna
383 3859 434 3908 vec
453 3864 490 3915 to,
509 3856 540 3908 ie
559 3856 649 3909 adholi
675 3857 836 3924 odpovedlr
857 3856 995 3908 invelitive
1021 3856 1201 3909 Viktorinove
1225 3856 1413 3909 adressovdna
1434 3856 1536 3924 Janovi
1556 3872 1571 3908 z
1589 3855 1642 3908 Do

188 3941 317 3999 maslavd.
339 3943 419 4010 atyl
444 3944 577 4010 vp'slovnd
601 3962 630 3995 se
655 3952 713 3996 tam
740 3945 821 3996 uvadi
847 3946 1035 4011 postdvadem‚
1060 3944 1111 3995 zde
1136 3943 1275 4012 pojednou
1299 3943 1389 3996 nerva
1413 3943 1558 3997 Bohuslav
1574 3945 1644 4013 Jana

186 4046 201 4082 z
221 4028 311 4096 Pibry,
331 4029 360 4081 ie
381 4029 397 4080 k
416 4030 553 4097 odpovedi
570 4029 606 4097 jej
626 4032 731 4098 vyzval.
755 4032 828 4083 Snad
850 4032 903 4083 mdl
923 4048 988 4098 prve
1006 4029 1176 4098 jmenovany‘
1196 4031 1261 4098 prod
1280 4029 1337 4083 bati
1356 4048 1386 4083 se
1407 4030 1543 4083 nasledkd
1562 4031 1642 4083 neka-

187 4116 248 4168 leno
268 4117 385 4168 lemesla
404 4117 498 4176 sveho,
518 4116 605 4184 druhy'·
626 4117 725 4170 nemel.
745 4117 766 4170 Z
783 4117 846 4169 listu
867 4117 1060 4169 Bohuslavova
1079 4117 1164 4169 videti
1183 4120 1302 4179 ostatnd,
1321 4117 1416 4170 literali
1435 4118 1499 4170 talrk
1515 4117 1643 4171 Viktorin

186 4202 319 4255 nasledlrd
338 4203 547 4254 nerozvaineho
566 4204 665 4255 slutku
684 4221 714 4255 se
734 4203 786 4265 bal,
799 4222 816 4256 a
828 4205 876 4255 rad
895 4203 931 4271 by
950 4203 995 4272 byl
1015 4213 1096 4271 stopy
1112 4203 1178 4271 jeho
1197 4203 1320 4272 vyhladil
1337 4232 1366 4241 -
1380 4202 1460 4256 tleba
1478 4203 1642 4273 izapienlm

185 4289 341 4357 pdvodstvl.
361 4290 481 4341 Vrodeni
502 4291 599 4342 tohoto
618 4290 840 4357 iniisledujiciho
861 4289 923 4342 listu
943 4290 1087 4341 vzhledem
1108 4289 1256 4358 hurditym
1275 4290 1370 4342 datum
1390 4289 1454 4342 lietu
1474 4290 1642 4358 pledetly‘ch

183 4371 239 4440 jest
256 4394 334 4430 samo
354 4376 464 4443 ztejme.

886 4555 936 4616 ι’)ἒ).

514 4693 733 4766 Bohuslav
761 4691 1027 4765 Viktorinovi
1054 4670 1103 4765 ze
1132 4692 1309 4766 Vdehrd.

268 4847 375 4913 (1494.)
393 4846 519 4914 Vykladzi
538 4847 639 4908 knttce,
658 4844 809 4913 poukazuje
829 4845 862 4898 ke
881 4845 985 4913 spisdm
999 4862 1016 4897 o
1030 4846 1093 4898 lech
1112 4845 1301 4913 ptedetech,
1314 4846 1380 4913 prod
1393 4844 1527 4912 zakazuje
1541 4845 1640 4899 cirkev

183 4933 284 4986 laikum
304 4932 433 5002 ptijimati
447 4933 499 5002 pod
513 4932 586 4999 oboji
604 4932 747 5000 zpdsobou
760 4950 776 4984 a
789 4934 854 5000 prod
875 4932 1053 5000 kompaltata
1072 4932 1135 4999 jsou
1154 4930 1294 5000 neplatnt,
1315 4938 1411 5000 potom
1425 4931 1492 4999 prod
1513 4932 1644 4986 zaveden

183 5020 312 5074 coelibtt.
332 5019 453 5072 Nebranl
473 5037 527 5082 mu,
546 5019 601 5087 aby
620 5021 636 5072 k
655 5023 739 5072 nemu
757 5019 840 5087 plisel
858 5036 894 5071 na
912 5019 974 5072 tirel
993 5020 1148 5087 poudenou.
1167 5019 1258 5086 (Nova
1276 5017 1356 5086 epist.
1375 5035 1438 5087 app.
1457 5016 1543 5085 aab).

270 5179 437 5242 Victorino
453 5180 494 5241 de
511 5179 668 5241 Wssehrd
692 5199 714 5240 s.
738 5177 769 5240 d.
794 5178 936 5260 Benigne
959 5178 1000 5240 ad
1017 5198 1069 5240 me
1084 5180 1209 5254 scribis;
1233 5190 1431 5258 quapropter
1446 5197 1647 5257 responsum

184 5286 358 5367 benignum
386 5285 531 5363 accipies,
564 5285 704 5345 maxime
730 5302 803 5343 cum
834 5280 960 5344 dederis
991 5281 1066 5343 mihi
1090 5300 1182 5361 spem
1204 5291 1237 5343 te
1267 5300 1366 5361 posse
1393 5282 1436 5344 ad
1469 5283 1647 5345 sanitatem
