<?xml version="1.0" encoding="UTF-8"?>
<!DOCTYPE html PUBLIC "-//W3C//DTD XHTML 1.0 Transitional//EN"
    "http://www.w3.org/TR/xhtml1/DTD/xhtml1-transitional.dtd">
<html xmlns="http://www.w3.org/1999/xhtml" xml:lang="en" lang="en">
 <head>
  <title>
</title>
<meta http-equiv="Content-Type" content="text/html;charset=utf-8" />
  <meta name='ocr-system' content='tesseract 3.04.00' />
  <meta name='ocr-capabilities' content='ocr_page ocr_carea ocr_par ocr_line ocrx_word'/>
</head>
<body>
  <div class='ocr_page' id='page_1' title='image "./listbohuslavaha00truhgoog_0246.png"; bbox 0 0 3660 5850; ppageno 0'>
   <div class='ocr_carea' id='block_1_1' title="bbox 836 380 1623 475">
    <p class='ocr_par' dir='ltr' id='par_1_1' title="bbox 836 380 1623 475">
     <span class='ocr_line' id='line_1_1' title="bbox 836 380 1623 475; baseline -0.011 0"><span class='ocrx_word' id='word_1_1' title='bbox 836 411 921 475; x_wconf 76' lang='lat' dir='ltr'>lota</span> <span class='ocrx_word' id='word_1_2' title='bbox 1548 412 1599 467; x_wconf 70' lang='lat' dir='ltr'>aar</span> <span class='ocrx_word' id='word_1_3' title='bbox 1618 380 1623 391; x_wconf 80' lang='grc'><strong>’</strong></span> 
     </span>
    </p>
   </div>
   <div class='ocr_carea' id='block_1_2' title="bbox 141 625 1600 2162">
    <p class='ocr_par' dir='ltr' id='par_1_2' title="bbox 141 625 1600 2162">
     <span class='ocr_line' id='line_1_2' title="bbox 144 625 1599 710; baseline 0.001 -23"><span class='ocrx_word' id='word_1_4' title='bbox 144 625 278 689; x_wconf 92' lang='lat' dir='ltr'>consilio</span> <span class='ocrx_word' id='word_1_5' title='bbox 300 637 468 706; x_wconf 89' lang='lat' dir='ltr'>parentem</span> <span class='ocrx_word' id='word_1_6' title='bbox 490 626 635 690; x_wconf 92' lang='lat' dir='ltr'>subsidio</span> <span class='ocrx_word' id='word_1_7' title='bbox 666 627 849 706; x_wconf 90' lang='lat' dir='ltr'>pecuniario</span> <span class='ocrx_word' id='word_1_8' title='bbox 872 628 987 688; x_wconf 89' lang='lat' dir='ltr'>iuvare.</span> <span class='ocrx_word' id='word_1_9' title='bbox 1018 625 1118 707; x_wconf 86' lang='lat' dir='ltr'>Quod</span> <span class='ocrx_word' id='word_1_10' title='bbox 1148 645 1265 688; x_wconf 90' lang='lat' dir='ltr'>munus</span> <span class='ocrx_word' id='word_1_11' title='bbox 1287 636 1401 707; x_wconf 89' lang='lat' dir='ltr'>postea</span> <span class='ocrx_word' id='word_1_12' title='bbox 1424 625 1599 710; x_wconf 81' lang='lat' dir='ltr'>Gregorius</span> 
     </span>
     <span class='ocr_line' id='line_1_3' title="bbox 144 729 1597 813; baseline 0.001 -23"><span class='ocrx_word' id='word_1_13' title='bbox 144 741 255 792; x_wconf 90' lang='lat' dir='ltr'>noster</span> <span class='ocrx_word' id='word_1_14' title='bbox 276 729 430 794; x_wconf 84' lang='lat' dir='ltr'><strong>Gelenius</strong></span> <span class='ocrx_word' id='word_1_15' title='bbox 452 730 654 793; x_wconf 85' lang='lat' dir='ltr'>laudabiliter</span> <span class='ocrx_word' id='word_1_16' title='bbox 677 733 817 810; x_wconf 88' lang='lat' dir='ltr'>suscepit</span> <span class='ocrx_word' id='word_1_17' title='bbox 839 744 870 793; x_wconf 92' lang='lat' dir='ltr'>et</span> <span class='ocrx_word' id='word_1_18' title='bbox 894 730 1085 793; x_wconf 82' lang='lat' dir='ltr'>laudabilius</span> <span class='ocrx_word' id='word_1_19' title='bbox 1107 731 1245 810; x_wconf 81' lang='lat' dir='ltr'><strong>perfecit,</strong></span> <span class='ocrx_word' id='word_1_20' title='bbox 1272 750 1347 792; x_wconf 93' lang='lat' dir='ltr'>cum</span> <span class='ocrx_word' id='word_1_21' title='bbox 1369 732 1400 792; x_wconf 92' lang='lat' dir='ltr'>ei</span> <span class='ocrx_word' id='word_1_22' title='bbox 1422 729 1597 813; x_wconf 80' lang='lat' dir='ltr'>sigismun-</span> 
     </span>
     <span class='ocr_line' id='line_1_4' title="bbox 144 832 1599 917; baseline 0.001 -23"><span class='ocrx_word' id='word_1_23' title='bbox 144 832 222 897; x_wconf 92' lang='lat' dir='ltr'>dum</span> <span class='ocrx_word' id='word_1_24' title='bbox 247 833 344 897; x_wconf 88' lang='lat' dir='ltr'>filium</span> <span class='ocrx_word' id='word_1_25' title='bbox 366 833 578 896; x_wconf 90' lang='lat' dir='ltr'>erudiendum</span> <span class='ocrx_word' id='word_1_26' title='bbox 600 845 632 896; x_wconf 94' lang='lat' dir='ltr'>et</span> <span class='ocrx_word' id='word_1_27' title='bbox 655 833 696 895; x_wconf 88' lang='lat' dir='ltr'>ad</span> <span class='ocrx_word' id='word_1_28' title='bbox 720 835 777 895; x_wconf 88' lang='lat' dir='ltr'>has</span> <span class='ocrx_word' id='word_1_29' title='bbox 793 853 902 896; x_wconf 93' lang='lat' dir='ltr'>secum</span> <span class='ocrx_word' id='word_1_30' title='bbox 925 844 1032 915; x_wconf 89' lang='lat' dir='ltr'>partes</span> <span class='ocrx_word' id='word_1_31' title='bbox 1054 834 1238 898; x_wconf 90' lang='lat' dir='ltr'>ducendum</span> <span class='ocrx_word' id='word_1_32' title='bbox 1255 833 1434 897; x_wconf 85' lang='lat' dir='ltr'>tradiderat.</span> <span class='ocrx_word' id='word_1_33' title='bbox 1457 834 1599 917; x_wconf 84' lang='lat' dir='ltr'>Dignum</span> 
     </span>
     <span class='ocr_line' id='line_1_5' title="bbox 145 937 1600 1020; baseline -0.001 -20"><span class='ocrx_word' id='word_1_34' title='bbox 145 940 239 1020; x_wconf 83' lang='lat' dir='ltr'>igitur</span> <span class='ocrx_word' id='word_1_35' title='bbox 261 937 339 1000; x_wconf 94' lang='lat' dir='ltr'>mihi</span> <span class='ocrx_word' id='word_1_36' title='bbox 361 939 465 1002; x_wconf 89' lang='lat' dir='ltr'>visum</span> <span class='ocrx_word' id='word_1_37' title='bbox 496 937 553 999; x_wconf 88' lang='lat' dir='ltr'>luit</span> <span class='ocrx_word' id='word_1_38' title='bbox 582 948 648 999; x_wconf 90' lang='lat' dir='ltr'>tam</span> <span class='ocrx_word' id='word_1_39' title='bbox 679 937 821 1000; x_wconf 89' lang='lat' dir='ltr'>eruditos</span> <span class='ocrx_word' id='word_1_40' title='bbox 851 948 882 999; x_wconf 94' lang='lat' dir='ltr'>et</span> <span class='ocrx_word' id='word_1_41' title='bbox 912 937 1114 1001; x_wconf 89' lang='lat' dir='ltr'>charissimos</span> <span class='ocrx_word' id='word_1_42' title='bbox 1144 937 1293 999; x_wconf 91' lang='lat' dir='ltr'>homines</span> <span class='ocrx_word' id='word_1_43' title='bbox 1318 947 1350 1000; x_wconf 90' lang='lat' dir='ltr'>et</span> <span class='ocrx_word' id='word_1_44' title='bbox 1373 940 1436 1000; x_wconf 90' lang='lat' dir='ltr'>iam</span> <span class='ocrx_word' id='word_1_45' title='bbox 1457 940 1522 1000; x_wconf 89' lang='lat' dir='ltr'>vita</span> <span class='ocrx_word' id='word_1_46' title='bbox 1544 937 1600 999; x_wconf 93' lang='lat' dir='ltr'>de·</span> 
     </span>
     <span class='ocr_line' id='line_1_6' title="bbox 144 1041 1598 1123; baseline -0.001 -19"><span class='ocrx_word' id='word_1_47' title='bbox 144 1041 455 1106; x_wconf 88' lang='lat' dir='ltr'>iunctosnonnullis</span> <span class='ocrx_word' id='word_1_48' title='bbox 476 1043 602 1105; x_wconf 82' lang='lat' dir='ltr'>rusticis</span> <span class='ocrx_word' id='word_1_49' title='bbox 626 1041 786 1104; x_wconf 86' lang='lat' dir='ltr'>versiculis</span> <span class='ocrx_word' id='word_1_50' title='bbox 815 1042 982 1116; x_wconf 87' lang='lat' dir='ltr'>honorare,</span> <span class='ocrx_word' id='word_1_51' title='bbox 1013 1060 1079 1121; x_wconf 91' lang='lat' dir='ltr'>quo</span> <span class='ocrx_word' id='word_1_52' title='bbox 1110 1061 1221 1104; x_wconf 90' lang='lat' dir='ltr'>eorum</span> <span class='ocrx_word' id='word_1_53' title='bbox 1245 1043 1399 1104; x_wconf 92' lang='lat' dir='ltr'>memoria</span> <span class='ocrx_word' id='word_1_54' title='bbox 1429 1042 1516 1123; x_wconf 89' lang='lat' dir='ltr'>apud</span> <span class='ocrx_word' id='word_1_55' title='bbox 1540 1060 1598 1121; x_wconf 90' lang='lat' dir='ltr'>po-</span> 
     </span>
     <span class='ocr_line' id='line_1_7' title="bbox 144 1144 1598 1226; baseline -0.002 -16"><span class='ocrx_word' id='word_1_56' title='bbox 144 1157 248 1210; x_wconf 88' lang='lat' dir='ltr'>steros</span> <span class='ocrx_word' id='word_1_57' title='bbox 268 1147 408 1208; x_wconf 84' lang='lat' dir='ltr'>vivacior</span> <span class='ocrx_word' id='word_1_58' title='bbox 428 1145 622 1209; x_wconf 86' lang='lat' dir='ltr'>redderetur.</span> <span class='ocrx_word' id='word_1_59' title='bbox 656 1145 704 1208; x_wconf 87' lang='lat' dir='ltr'>Ea</span> <span class='ocrx_word' id='word_1_60' title='bbox 733 1147 873 1208; x_wconf 89' lang='lat' dir='ltr'>carmina</span> <span class='ocrx_word' id='word_1_61' title='bbox 902 1146 975 1208; x_wconf 91' lang='lat' dir='ltr'>licet</span> <span class='ocrx_word' id='word_1_62' title='bbox 1003 1147 1134 1209; x_wconf 81' lang='lat' dir='ltr'>forsitan</span> <span class='ocrx_word' id='word_1_63' title='bbox 1157 1155 1192 1208; x_wconf 91' lang='lat' dir='ltr'>ut</span> <span class='ocrx_word' id='word_1_64' title='bbox 1216 1166 1276 1209; x_wconf 92' lang='lat' dir='ltr'>nec</span> <span class='ocrx_word' id='word_1_65' title='bbox 1297 1144 1449 1226; x_wconf 87' lang='lat' dir='ltr'>Apolline</span> <span class='ocrx_word' id='word_1_66' title='bbox 1472 1149 1516 1208; x_wconf 88' lang='lat' dir='ltr'>ita</span> <span class='ocrx_word' id='word_1_67' title='bbox 1538 1166 1598 1208; x_wconf 91' lang='lat' dir='ltr'>nec</span> 
     </span>
     <span class='ocr_line' id='line_1_8' title="bbox 143 1249 1599 1334; baseline -0.001 -22"><span class='ocrx_word' id='word_1_68' title='bbox 143 1252 280 1312; x_wconf 86' lang='lat' dir='ltr'>lectione</span> <span class='ocrx_word' id='word_1_69' title='bbox 303 1249 400 1334; x_wconf 86' lang='lat' dir='ltr'>digna</span> <span class='ocrx_word' id='word_1_70' title='bbox 422 1252 493 1326; x_wconf 89' lang='lat' dir='ltr'>sint,</span> <span class='ocrx_word' id='word_1_71' title='bbox 524 1249 649 1313; x_wconf 88' lang='lat' dir='ltr'>decrevi</span> <span class='ocrx_word' id='word_1_72' title='bbox 674 1249 716 1311; x_wconf 91' lang='lat' dir='ltr'>ad</span> <span class='ocrx_word' id='word_1_73' title='bbox 739 1259 772 1312; x_wconf 92' lang='lat' dir='ltr'>te</span> <span class='ocrx_word' id='word_1_74' title='bbox 794 1252 928 1326; x_wconf 90' lang='lat' dir='ltr'>mittere,</span> <span class='ocrx_word' id='word_1_75' title='bbox 958 1260 1072 1329; x_wconf 87' lang='lat' dir='ltr'>utpote</span> <span class='ocrx_word' id='word_1_76' title='bbox 1101 1250 1266 1312; x_wconf 87' lang='lat' dir='ltr'>hominem</span> <span class='ocrx_word' id='word_1_77' title='bbox 1299 1250 1460 1314; x_wconf 88' lang='lat' dir='ltr'>eruditum</span> <span class='ocrx_word' id='word_1_78' title='bbox 1486 1262 1519 1313; x_wconf 92' lang='lat' dir='ltr'>et</span> <span class='ocrx_word' id='word_1_79' title='bbox 1541 1249 1599 1311; x_wconf 93' lang='lat' dir='ltr'>bo·</span> 
     </span>
     <span class='ocr_line' id='line_1_9' title="bbox 142 1353 1599 1435; baseline -0.001 -18"><span class='ocrx_word' id='word_1_80' title='bbox 142 1373 258 1417; x_wconf 88' lang='lat' dir='ltr'>narum</span> <span class='ocrx_word' id='word_1_81' title='bbox 273 1356 388 1417; x_wconf 89' lang='lat' dir='ltr'>artium</span> <span class='ocrx_word' id='word_1_82' title='bbox 403 1353 630 1435; x_wconf 89' lang='lat' dir='ltr'>percupidum:</span> <span class='ocrx_word' id='word_1_83' title='bbox 653 1356 685 1416; x_wconf 91' lang='lat' dir='ltr'>in</span> <span class='ocrx_word' id='word_1_84' title='bbox 708 1354 825 1435; x_wconf 88' lang='lat' dir='ltr'>quibus</span> <span class='ocrx_word' id='word_1_85' title='bbox 840 1355 866 1415; x_wconf 91' lang='lat' dir='ltr'>si</span> <span class='ocrx_word' id='word_1_86' title='bbox 881 1354 970 1434; x_wconf 91' lang='lat' dir='ltr'>quod</span> <span class='ocrx_word' id='word_1_87' title='bbox 993 1365 1132 1416; x_wconf 89' lang='lat' dir='ltr'>erratum</span> <span class='ocrx_word' id='word_1_88' title='bbox 1155 1354 1311 1430; x_wconf 86' lang='lat' dir='ltr'>offendes,</span> <span class='ocrx_word' id='word_1_89' title='bbox 1334 1354 1507 1417; x_wconf 91' lang='lat' dir='ltr'>emendare</span> <span class='ocrx_word' id='word_1_90' title='bbox 1521 1354 1599 1416; x_wconf 91' lang='lat' dir='ltr'>illud</span> 
     </span>
     <span class='ocr_line' id='line_1_10' title="bbox 143 1456 1599 1542; baseline -0.001 -22"><span class='ocrx_word' id='word_1_91' title='bbox 143 1477 203 1537; x_wconf 91' lang='lat' dir='ltr'>pro</span> <span class='ocrx_word' id='word_1_92' title='bbox 226 1468 282 1520; x_wconf 91' lang='lat' dir='ltr'>tua</span> <span class='ocrx_word' id='word_1_93' title='bbox 297 1458 474 1521; x_wconf 87' lang='lat' dir='ltr'>eruditione</span> <span class='ocrx_word' id='word_1_94' title='bbox 488 1477 555 1521; x_wconf 91' lang='lat' dir='ltr'>non</span> <span class='ocrx_word' id='word_1_95' title='bbox 570 1458 760 1542; x_wconf 84' lang='lat' dir='ltr'>gravaberis.</span> <span class='ocrx_word' id='word_1_96' title='bbox 783 1456 883 1538; x_wconf 86' lang='lat' dir='ltr'>Quod</span> <span class='ocrx_word' id='word_1_97' title='bbox 905 1469 1015 1520; x_wconf 87' lang='lat' dir='ltr'>autern</span> <span class='ocrx_word' id='word_1_98' title='bbox 1031 1457 1259 1520; x_wconf 87' lang='lat' dir='ltr'>Wenccslaum</span> <span class='ocrx_word' id='word_1_99' title='bbox 1282 1462 1386 1539; x_wconf 87' lang='lat' dir='ltr'>ipsum</span> <span class='ocrx_word' id='word_1_100' title='bbox 1403 1459 1482 1520; x_wconf 87' lang='lat' dir='ltr'>urbe</span> <span class='ocrx_word' id='word_1_101' title='bbox 1497 1458 1599 1519; x_wconf 89' lang='lat' dir='ltr'>Ham-</span> 
     </span>
     <span class='ocr_line' id='line_1_11' title="bbox 144 1560 1599 1646; baseline -0.001 -22"><span class='ocrx_word' id='word_1_102' title='bbox 144 1564 251 1624; x_wconf 90' lang='lat' dir='ltr'>monia</span> <span class='ocrx_word' id='word_1_103' title='bbox 275 1565 416 1646; x_wconf 83' lang='lat' dir='ltr'>genitum</span> <span class='ocrx_word' id='word_1_104' title='bbox 439 1574 472 1624; x_wconf 90' lang='lat' dir='ltr'>et</span> <span class='ocrx_word' id='word_1_105' title='bbox 493 1561 604 1625; x_wconf 88' lang='lat' dir='ltr'>alitum</span> <span class='ocrx_word' id='word_1_106' title='bbox 627 1563 745 1642; x_wconf 88' lang='lat' dir='ltr'>scripsi,</span> <span class='ocrx_word' id='word_1_107' title='bbox 767 1564 955 1644; x_wconf 85' lang='lat' dir='ltr'>graecanico</span> <span class='ocrx_word' id='word_1_108' title='bbox 979 1564 1022 1625; x_wconf 93' lang='lat' dir='ltr'>uti</span> <span class='ocrx_word' id='word_1_109' title='bbox 1038 1562 1138 1624; x_wconf 88' lang='lat' dir='ltr'>verbo</span> <span class='ocrx_word' id='word_1_110' title='bbox 1160 1563 1237 1624; x_wconf 81' lang='lat' dir='ltr'>milri</span> <span class='ocrx_word' id='word_1_111' title='bbox 1252 1562 1380 1642; x_wconf 85' lang='lat' dir='ltr'>placuit,</span> <span class='ocrx_word' id='word_1_112' title='bbox 1402 1582 1475 1624; x_wconf 90' lang='lat' dir='ltr'>cum</span> <span class='ocrx_word' id='word_1_113' title='bbox 1498 1560 1599 1623; x_wconf 91' lang='lat' dir='ltr'>Ham·</span> 
     </span>
     <span class='ocr_line' id='line_1_12' title="bbox 143 1664 1599 1746; baseline -0.001 -19"><span class='ocrx_word' id='word_1_114' title='bbox 143 1685 231 1740; x_wconf 89' lang='lat' dir='ltr'>mon,</span> <span class='ocrx_word' id='word_1_115' title='bbox 253 1665 340 1728; x_wconf 93' lang='lat' dir='ltr'>unde</span> <span class='ocrx_word' id='word_1_116' title='bbox 364 1665 580 1729; x_wconf 87' lang='lat' dir='ltr'>Hammonius</span> <span class='ocrx_word' id='word_1_117' title='bbox 601 1665 777 1741; x_wconf 86' lang='lat' dir='ltr'>deducitur,</span> <span class='ocrx_word' id='word_1_118' title='bbox 801 1664 931 1728; x_wconf 87' lang='lat' dir='ltr'>Graecis</span> <span class='ocrx_word' id='word_1_119' title='bbox 953 1665 1038 1728; x_wconf 90' lang='lat' dir='ltr'>idem</span> <span class='ocrx_word' id='word_1_120' title='bbox 1062 1665 1151 1746; x_wconf 92' lang='lat' dir='ltr'>quod</span> <span class='ocrx_word' id='word_1_121' title='bbox 1174 1669 1291 1729; x_wconf 90' lang='lat' dir='ltr'>nostris</span> <span class='ocrx_word' id='word_1_122' title='bbox 1309 1685 1442 1728; x_wconf 77' lang='lat' dir='ltr'>»arena«</span> <span class='ocrx_word' id='word_1_123' title='bbox 1460 1665 1599 1741; x_wconf 87' lang='lat' dir='ltr'>dicatur;</span> 
     </span>
     <span class='ocr_line' id='line_1_13' title="bbox 141 1768 1596 1853; baseline -0.001 -20"><span class='ocrx_word' id='word_1_124' title='bbox 141 1770 229 1833; x_wconf 92' lang='lat' dir='ltr'>unde</span> <span class='ocrx_word' id='word_1_125' title='bbox 248 1770 362 1853; x_wconf 90' lang='lat' dir='ltr'>Jovem</span> <span class='ocrx_word' id='word_1_126' title='bbox 385 1770 620 1833; x_wconf 90' lang='lat' dir='ltr'>Hammonium</span> <span class='ocrx_word' id='word_1_127' title='bbox 643 1769 855 1850; x_wconf 87' lang='lat' dir='ltr'>appellamus:</span> <span class='ocrx_word' id='word_1_128' title='bbox 886 1768 927 1832; x_wconf 92' lang='lat' dir='ltr'>de</span> <span class='ocrx_word' id='word_1_129' title='bbox 949 1790 1016 1850; x_wconf 90' lang='lat' dir='ltr'>quo</span> <span class='ocrx_word' id='word_1_130' title='bbox 1043 1780 1078 1832; x_wconf 95' lang='lat' dir='ltr'>tu</span> <span class='ocrx_word' id='word_1_131' title='bbox 1106 1771 1193 1850; x_wconf 90' lang='lat' dir='ltr'>apud</span> <span class='ocrx_word' id='word_1_132' title='bbox 1216 1770 1384 1833; x_wconf 91' lang='lat' dir='ltr'>historicos</span> <span class='ocrx_word' id='word_1_133' title='bbox 1407 1789 1540 1853; x_wconf 81' lang='lat' dir='ltr'>graecos</span> <span class='ocrx_word' id='word_1_134' title='bbox 1564 1781 1596 1831; x_wconf 93' lang='lat' dir='ltr'>et</span> 
     </span>
     <span class='ocr_line' id='line_1_14' title="bbox 143 1871 1597 1959; baseline 0 -24"><span class='ocrx_word' id='word_1_135' title='bbox 143 1875 260 1938; x_wconf 90' lang='lat' dir='ltr'>latinos</span> <span class='ocrx_word' id='word_1_136' title='bbox 283 1875 383 1938; x_wconf 88' lang='lat' dir='ltr'>multa</span> <span class='ocrx_word' id='word_1_137' title='bbox 399 1875 518 1959; x_wconf 33' lang='lat' dir='ltr'>*legere</span> <span class='ocrx_word' id='word_1_138' title='bbox 547 1876 686 1954; x_wconf 80' lang='lat' dir='ltr'>potuisti.</span> <span class='ocrx_word' id='word_1_139' title='bbox 720 1871 848 1953; x_wconf 83' lang='lat' dir='ltr'>Quodsi</span> <span class='ocrx_word' id='word_1_140' title='bbox 883 1873 1073 1937; x_wconf 77' lang='lat' dir='ltr'>»Piscensis«</span> <span class='ocrx_word' id='word_1_141' title='bbox 1100 1874 1157 1936; x_wconf 92' lang='lat' dir='ltr'>tibi</span> <span class='ocrx_word' id='word_1_142' title='bbox 1181 1893 1301 1936; x_wconf 87' lang='lat' dir='ltr'>nomen</span> <span class='ocrx_word' id='word_1_143' title='bbox 1324 1875 1427 1957; x_wconf 85' lang='lat' dir='ltr'>magis</span> <span class='ocrx_word' id='word_1_144' title='bbox 1450 1874 1597 1952; x_wconf 88' lang='lat' dir='ltr'>placebit,</span> 
     </span>
     <span class='ocr_line' id='line_1_15' title="bbox 142 1975 1596 2062; baseline -0.001 -22"><span class='ocrx_word' id='word_1_145' title='bbox 142 1981 239 2043; x_wconf 87' lang='lat' dir='ltr'>etiam</span> <span class='ocrx_word' id='word_1_146' title='bbox 267 1979 423 2042; x_wconf 57' lang='lat' dir='ltr'>‘Piscensi</span> <span class='ocrx_word' id='word_1_147' title='bbox 446 1980 544 2043; x_wconf 80' lang='lat' dir='ltr'>urbe«</span> <span class='ocrx_word' id='word_1_148' title='bbox 578 1998 636 2059; x_wconf 90' lang='lat' dir='ltr'>pro</span> <span class='ocrx_word' id='word_1_149' title='bbox 669 1978 905 2041; x_wconf 79' lang='lat' dir='ltr'>›Hammonia«</span> <span class='ocrx_word' id='word_1_150' title='bbox 934 1991 1018 2040; x_wconf 89' lang='lat' dir='ltr'>stare</span> <span class='ocrx_word' id='word_1_151' title='bbox 1041 1980 1165 2059; x_wconf 92' lang='lat' dir='ltr'>poterit.</span> <span class='ocrx_word' id='word_1_152' title='bbox 1196 1975 1359 2062; x_wconf 89' lang='lat' dir='ltr'>(Sequitur</span> <span class='ocrx_word' id='word_1_153' title='bbox 1389 1977 1596 2058; x_wconf 87' lang='lat' dir='ltr'>Epitaphium</span> 
     </span>
     <span class='ocr_line' id='line_1_16' title="bbox 144 2081 857 2162; baseline -0.004 -16"><span class='ocrx_word' id='word_1_154' title='bbox 144 2083 328 2146; x_wconf 88' lang='lat' dir='ltr'>Wenceslai</span> <span class='ocrx_word' id='word_1_155' title='bbox 351 2083 526 2147; x_wconf 88' lang='lat' dir='ltr'>Pisecensis</span> <span class='ocrx_word' id='word_1_156' title='bbox 547 2083 692 2146; x_wconf 90' lang='lat' dir='ltr'>Venetiis</span> <span class='ocrx_word' id='word_1_157' title='bbox 715 2081 857 2162; x_wconf 79' lang='lat' dir='ltr'>mortui.)</span> 
     </span>
    </p>
   </div>
   <div class='ocr_carea' id='block_1_3' title="bbox 142 2266 1598 2514">
    <p class='ocr_par' dir='ltr' id='par_1_3' title="bbox 142 2266 1598 2514">
     <span class='ocr_line' id='line_1_17' title="bbox 229 2266 1597 2342; baseline -0.001 -18"><span class='ocrx_word' id='word_1_158' title='bbox 229 2271 267 2324; x_wconf 85' lang='grc' dir='ltr'>Μ.</span> <span class='ocrx_word' id='word_1_159' title='bbox 285 2271 351 2324; x_wconf 83' lang='lat' dir='ltr'>Petr</span> <span class='ocrx_word' id='word_1_160' title='bbox 367 2270 486 2342; x_wconf 63' lang='lat' dir='ltr'>Piseclry</span> <span class='ocrx_word' id='word_1_161' title='bbox 504 2270 611 2324; x_wconf 79' lang='lat' dir='ltr'>nerodil</span> <span class='ocrx_word' id='word_1_162' title='bbox 634 2287 664 2324; x_wconf 89' lang='lat' dir='ltr'>se</span> <span class='ocrx_word' id='word_1_163' title='bbox 682 2270 724 2324; x_wconf 82' lang='lat' dir='ltr'>asi</span> <span class='ocrx_word' id='word_1_164' title='bbox 742 2287 763 2324; x_wconf 89' lang='lat' dir='ltr'>r.</span> <span class='ocrx_word' id='word_1_165' title='bbox 784 2268 859 2334; x_wconf 86' lang='grc'>1486,</span> <span class='ocrx_word' id='word_1_166' title='bbox 878 2286 899 2322; x_wconf 90' lang='lat' dir='ltr'>r.</span> <span class='ocrx_word' id='word_1_167' title='bbox 918 2266 1059 2323; x_wconf 77' lang='lat' dir='ltr'>1508sta1</span> <span class='ocrx_word' id='word_1_168' title='bbox 1077 2286 1107 2322; x_wconf 83' lang='lat' dir='ltr'>se</span> <span class='ocrx_word' id='word_1_169' title='bbox 1127 2286 1164 2323; x_wconf 83' lang='lat' dir='ltr'>na</span> <span class='ocrx_word' id='word_1_170' title='bbox 1180 2269 1333 2324; x_wconf 72' lang='lat' dir='ltr'>universite</span> <span class='ocrx_word' id='word_1_171' title='bbox 1353 2269 1471 2324; x_wconf 71' lang='lat' dir='ltr'>Pralslre</span> <span class='ocrx_word' id='word_1_172' title='bbox 1490 2269 1597 2323; x_wconf 72' lang='lat' dir='ltr'>hairald-</span> 
     </span>
     <span class='ocr_line' id='line_1_18' title="bbox 142 2344 1598 2425; baseline -0.002 -14"><span class='ocrx_word' id='word_1_173' title='bbox 142 2361 211 2421; x_wconf 82' lang='lat' dir='ltr'>lem,</span> <span class='ocrx_word' id='word_1_174' title='bbox 228 2374 249 2410; x_wconf 92' lang='lat' dir='ltr'>r.</span> <span class='ocrx_word' id='word_1_175' title='bbox 270 2356 338 2410; x_wconf 83' lang='lat'>1510</span> <span class='ocrx_word' id='word_1_176' title='bbox 355 2357 489 2412; x_wconf 83' lang='lat' dir='ltr'>mistrem.</span> <span class='ocrx_word' id='word_1_177' title='bbox 520 2357 545 2410; x_wconf 94' lang='lat'>0</span> <span class='ocrx_word' id='word_1_178' title='bbox 563 2359 627 2411; x_wconf 67' lang='lat' dir='ltr'>nem</span> <span class='ocrx_word' id='word_1_179' title='bbox 646 2356 691 2410; x_wconf 87' lang='lat' dir='ltr'>viz</span> <span class='ocrx_word' id='word_1_180' title='bbox 709 2356 808 2410; x_wconf 65' lang='lat' dir='ltr'>risnel</span> <span class='ocrx_word' id='word_1_181' title='bbox 826 2373 843 2409; x_wconf 89' lang='lat' dir='ltr'>v</span> <span class='ocrx_word' id='word_1_182' title='bbox 863 2354 1000 2409; x_wconf 88' lang='lat' dir='ltr'>Poutnlku</span> <span class='ocrx_word' id='word_1_183' title='bbox 1019 2356 1054 2408; x_wconf 90' lang='lat' dir='ltr'>od</span> <span class='ocrx_word' id='word_1_184' title='bbox 1074 2357 1167 2425; x_wconf 88' lang='lat' dir='ltr'>Otavy</span> <span class='ocrx_word' id='word_1_185' title='bbox 1187 2356 1255 2409; x_wconf 78' lang='lat'>1858</span> <span class='ocrx_word' id='word_1_186' title='bbox 1272 2365 1321 2410; x_wconf 84' lang='lat' dir='ltr'>etr.</span> <span class='ocrx_word' id='word_1_187' title='bbox 1339 2356 1399 2420; x_wconf 70' lang='grc' dir='ltr'>ί201,</span> <span class='ocrx_word' id='word_1_188' title='bbox 1418 2375 1435 2409; x_wconf 95' lang='lat' dir='ltr'>o</span> <span class='ocrx_word' id='word_1_189' title='bbox 1454 2357 1489 2409; x_wconf 88' lang='lat' dir='ltr'>M.</span> <span class='ocrx_word' id='word_1_190' title='bbox 1510 2344 1598 2410; x_wconf 78' lang='lat' dir='ltr'>l&#39;leho·</span> 
     </span>
     <span class='ocr_line' id='line_1_19' title="bbox 142 2432 1296 2514; baseline -0.003 -15"><span class='ocrx_word' id='word_1_191' title='bbox 142 2446 202 2499; x_wconf 81' lang='lat' dir='ltr'>iovi</span> <span class='ocrx_word' id='word_1_192' title='bbox 221 2444 368 2499; x_wconf 71' lang='lat' dir='ltr'>Praislrem</span> <span class='ocrx_word' id='word_1_193' title='bbox 387 2462 422 2498; x_wconf 88' lang='lat' dir='ltr'>ve</span> <span class='ocrx_word' id='word_1_194' title='bbox 440 2443 535 2514; x_wconf 77' lang='lat' dir='ltr'>spislru</span> <span class='ocrx_word' id='word_1_195' title='bbox 553 2444 641 2498; x_wconf 72' lang='lat' dir='ltr'>mem:</span> <span class='ocrx_word' id='word_1_196' title='bbox 660 2443 785 2513; x_wconf 75' lang='lat' dir='ltr'>Poeluy</span> <span class='ocrx_word' id='word_1_197' title='bbox 803 2444 981 2497; x_wconf 82' lang='lat' dir='ltr'>humanismu</span> <span class='ocrx_word' id='word_1_198' title='bbox 1000 2461 1017 2497; x_wconf 90' lang='lat' dir='ltr'>v</span> <span class='ocrx_word' id='word_1_199' title='bbox 1036 2432 1166 2498; x_wconf 68' lang='lat' dir='ltr'>Cechlch</span> <span class='ocrx_word' id='word_1_200' title='bbox 1187 2452 1234 2498; x_wconf 83' lang='lat' dir='ltr'>atr.</span> <span class='ocrx_word' id='word_1_201' title='bbox 1253 2445 1296 2496; x_wconf 71' lang='lat' dir='ltr'>te.</span> 
     </span>
    </p>
   </div>
   <div class='ocr_carea' id='block_1_4' title="bbox 0 0 1834 5850">
    <p class='ocr_par' dir='ltr' id='par_1_4' title="bbox 0 0 1834 5850">
     <span class='ocr_line' id='line_1_20' title="bbox 0 0 1834 5850; baseline 0 1"><span class='ocrx_word' id='word_1_202' title='bbox 0 0 1834 5850; x_wconf 95' lang='lat' dir='ltr'> </span> 
     </span>
    </p>
   </div>
  </div>
 </body>
</html>
