3660 5850
834 648 904 713 193.

279 803 472 879 Viktorin
499 827 547 878 ze
577 804 744 878 Vsehrd
773 785 987 879 Reholovi
1017 805 1239 881 Hrube‘mu
1266 831 1290 880 z
1313 804 1459 900 Jelenl.

732 978 876 1061 (Uryveli
900 993 1000 1061 lietu.)

228 1078 342 1167 domita
363 1114 501 1182 pochvalu
525 1113 593 1167 sobe
612 1113 747 1177 vzdanou,
766 1113 773 1167 i
793 1114 944 1182 poulrazuje
969 1132 1005 1167 na
1028 1116 1137 1168 velihou
1162 1117 1240 1170 slavu
1262 1115 1481 1184 spisovatelskou
1500 1116 1590 1168 Bohu-

137 1200 218 1253 slava
234 1216 251 1254 z
268 1199 413 1254 Loblcovic
430 1202 458 1269 (v
476 1199 596 1254 adverhu
614 1201 702 1270 Epist.
721 1203 802 1269 app).

227 1375 411 1438 Victorinus
426 1376 468 1438 de
483 1375 641 1440 Wssehrd
664 1376 707 1438 ad
722 1375 913 1460 Gregorium
931 1378 1055 1456 Hruby,
1079 1379 1157 1440 alias
1176 1377 1349 1457 Gelensky,
1372 1381 1452 1441 inter
1466 1390 1591 1440 caetera

138 1482 186 1542 sic
208 1483 266 1542 ait:
297 1478 371 1556 Sed,
401 1491 437 1543 ut
460 1481 561 1556 video,
593 1481 769 1543 domestica
800 1491 832 1541 te
860 1481 931 1561 plus
961 1485 1101 1543 externis
1124 1486 1245 1544 iuvant:
1276 1485 1373 1544 etiam
1396 1485 1428 1544 in
1451 1482 1512 1544 hoc
1535 1485 1590 1544 tibi

138 1585 259 1646 multos
286 1595 318 1647 et
340 1603 398 1647 eos
420 1584 551 1667 quidem
574 1584 679 1648 claros
703 1586 935 1647 demonstrabo
959 1588 1049 1659 viroS,
1073 1589 1127 1665 qui
1150 1599 1185 1648 ut
1208 1584 1334 1668 ingenio
1358 1605 1409 1647 me
1428 1588 1470 1648 ita
1487 1606 1589 1647 rerum

138 1690 299 1749 variarum
321 1691 451 1751 scientia
473 1708 599 1768 usuque
628 1709 666 1751 ac
689 1692 884 1769 experientia
906 1692 1043 1752 vincunt.
1077 1689 1171 1766 Nam,
1201 1692 1226 1750 si
1256 1691 1471 1770 eloquentiam
1496 1694 1591 1771 respi-

138 1794 213 1866 cias,
245 1804 372 1855 mutum
394 1812 448 1854 me
470 1812 602 1871 prorsus
624 1814 661 1854 ac
685 1793 843 1876 elinguem
865 1813 978 1855 eorum
1002 1797 1243 1872 comparatione
1265 1793 1495 1875 deprehendes.
1528 1793 1589 1873 Qui

138 1898 201 1956 sint
224 1897 262 1970 hi,
286 1896 476 1958 iamdudum
501 1910 532 1959 te
554 1897 787 1960 auscultantem
811 1919 849 1960 ac
872 1910 1027 1961 arrectum
1052 1918 1144 1960 aures
1168 1912 1250 1960 stare
1272 1899 1374 1959 video.
1400 1898 1512 1959 Habes
1531 1897 1592 1958 Bo-

139 2001 287 2062 huslaum
307 2000 604 2080 Hassensteynium‚
628 2001 734 2083 legum
757 2014 788 2064 et
803 2005 877 2064 iuris
893 2003 1044 2080 pontilicii
1061 2002 1238 2076 doctorem,
1261 2003 1445 2064 historicum
1462 2005 1593 2063 veritate

139 2106 306 2185 insignem,
328 2113 497 2184 poetarum
520 2115 651 2187 poetam
675 2110 862 2175 maximum.
889 2110 954 2169 sive
977 2109 1161 2186 quempiam
1186 2106 1302 2180 laudet,
1333 2108 1398 2166 sive
1422 2109 1591 2186 vituperet:

139 2211 230 2270 cuius
253 2209 317 2269 iam
347 2228 520 2271 numerosa
543 2209 666 2271 foetura
697 2229 762 2271 non
786 2210 973 2272 Bohemiam
997 2211 1101 2272 solum
1125 2211 1182 2272 sed
1206 2209 1354 2271 finitimas
1376 2212 1471 2271 etiam
1495 2220 1593 2270 terras

138 2313 288 2392 implevit.
304 2313 339 2375 ln
355 2316 443 2375 omni
458 2333 576 2397 genere
591 2317 750 2394 copiosus.
767 2314 887 2376 Extant
902 2317 987 2375 enim
1003 2315 1152 2375 historiae
1168 2314 1298 2393 multae,
1315 2332 1398 2393 quae
1414 2313 1593 2375 doctrinam

138 2417 416 2498 eruditionemque
439 2421 507 2480 eius
522 2428 691 2493 testantur,
714 2438 774 2480 nec
790 2421 929 2480 carmina
945 2422 1020 2481 varii
1042 2420 1166 2501 generis
1182 2418 1305 2480 desunt.
1330 2417 1443 2479 Habes
1458 2418 1593 2493 heroica,

138 2520 288 2603 elegiaca,
317 2541 377 2583 nec
399 2534 540 2601 satyram
568 2524 757 2586 intentatam
784 2523 922 2602 reliquit,
953 2524 1189 2604 epitaphiorum
1212 2542 1287 2583 vero
1315 2524 1416 2583 acervi
1439 2523 1593 2603 leguntur,

139 2626 349 2706 epistolarum
372 2645 504 2707 quoque
526 2627 639 2689 diversi
661 2629 786 2708 generis
809 2629 910 2706 copia.
934 2626 1122 2706 Philippicas
1145 2629 1241 2688 etiam
1264 2629 1295 2687 in
1315 2645 1368 2687 me
1383 2628 1537 2687 evomuit:
1561 2636 1593 2687 at

139 2749 201 2812 ego
224 2729 355 2792 laudem
376 2733 444 2793 eius
475 2742 507 2792 et
534 2733 808 2809 vituperationem,
840 2743 995 2811 quantum
1026 2731 1068 2792 ad
1100 2751 1152 2791 me
1182 2732 1327 2811 pertinet,
1358 2731 1447 2792 iuxta
1470 2740 1592 2809 reputo

139 2833 257 2914 Aequa
280 2835 365 2895 enim
387 2835 457 2896 laus
480 2846 528 2897 est
550 2856 568 2896 a
591 2835 728 2897 laudatis
750 2834 871 2919 laudari
895 2847 926 2896 et
949 2836 1119 2916 improbari
1143 2836 1185 2895 ab
1208 2834 1374 2897 illaudatis

225 3022 285 3091 Jcst
302 3022 385 3075 velini
405 3023 472 3075 toho
490 3021 605 3084 litovati‚
624 3022 656 3075 ie
675 3022 739 3075 listu
757 3023 867 3094 tohoto,
887 3022 965 3090 ktery
984 3040 1001 3072 v
1020 3023 1100 3076 celku
1125 3022 1202 3075 avem
1227 3022 1323 3089 zajiste
1343 3024 1397 3075 mel
1417 3022 1454 3090 by
1472 3038 1522 3091 pro
1541 3021 1593 3073 naa

141 3126 212 3162 cenu
231 3109 418 3173 znamcnitou,
438 3109 558 3162 otislmul
577 3110 653 3162 Mitis
674 3109 721 3177 jen
746 3111 858 3178 riryvek,
877 3109 990 3177 tykajicl
1014 3127 1044 3161 se
1063 3110 1146 3177 prave
1167 3108 1213 3176 jen
1233 3110 1400 3162 Bohuslava.
1428 3109 1511 3162 Proto
1529 3108 1592 3161 take

141 3197 262 3264 vymyka
280 3213 310 3249 se
329 3196 374 3248 list
392 3204 439 3250 ten
458 3196 610 3249 vlelikemu
634 3198 740 3265 pokusu
759 3197 886 3258 vrodeni3
908 3195 956 3263 jen
981 3197 1047 3248 tolilr
1072 3198 1113 3248 lze
1138 3196 1351 3264 plipomenouti‚
1370 3194 1402 3248 ie
1421 3196 1528 3264 napsdn
1547 3195 1592 3264 byl

140 3282 243 3335 dlouho
261 3300 298 3351 po
315 3300 337 3336 r.
356 3282 432 3346 1494,
458 3283 512 3351 hdy
530 3283 671 3336 Bohuslav
696 3301 709 3335 s
730 3282 900 3335 Viktorinem
926 3283 1085 3351 polemiclry
1106 3300 1136 3335 se
1160 3284 1243 3346 utkal,
1268 3282 1413 3350 ponevadi
1437 3282 1536 3352 pisatel
1558 3298 1594 3334 na

140 3368 296 3438 protivnllra
314 3369 402 3422 svkho
427 3368 501 3422 hledi
520 3389 533 3422 s
552 3371 691 3423 chladnou
707 3369 744 3437 jit
764 3369 853 3437 mysli.
884 3369 959 3422 Snad
978 3369 1069 3421 listem
1095 3370 1174 3422 tlmto
1193 3371 1300 3438 pohnut
1321 3368 1366 3438 byl
1386 3356 1478 3422 henot
1496 3367 1593 3436 Hruby

141 3457 177 3509 ku
194 3456 354 3525 pieklddanl
373 3456 449 3524 spisd
466 3457 707 3524 Bohuslavovy'ch,
724 3455 799 3523 jicht
817 3458 859 3510 ale
879 3458 939 3510 east
957 3456 1091 3511 basnicka
1110 3475 1139 3510 se
1159 3475 1205 3511 mu
1225 3457 1364 3527 nezdalila
1382 3456 1437 3523 (jak
1453 3456 1594 3509 Bohuslav

139 3543 268 3612 ponekud
287 3543 445 3595 neddtklive
464 3543 578 3611 vytlmul
598 3544 672 3596 Farr.
690 3543 732 3606 ta,
751 3546 784 3597 ad
805 3544 896 3596 mili-li
915 3544 999 3596 dutka
1018 3561 1053 3597 na
1073 3534 1201 3606 herrore,
1220 3543 1346 3610 zejmena
1365 3544 1381 3596 1(
1397 3543 1528 3611 plekladu
1548 3542 1593 3595 ob·

140 3631 253 3684 §hutho
272 3630 336 3683 listu
355 3630 372 3681 lr
390 3630 501 3683 Petrovi
519 3646 535 3682 z
554 3629 734 3692 Roimberha‚
753 3631 831 3698 litery
850 3648 867 3681 v
886 3631 946 3683 nas‘l
965 3630 1055 3683 abirce
1076 3631 1121 3683 md
1140 3631 1208 3682 dlslo
1227 3631 1269 3683 ut.
