3660 5850
184 404 235 458 150
860 402 953 463 1505

183 618 231 679 rel
255 617 457 679 mediocriter
479 619 599 698 peritus
629 616 706 678 haec
736 634 803 677 non
833 617 957 679 timuit?
997 615 1087 678 Deus
1116 615 1303 678 immortalis
1333 616 1442 677 omnia
1472 614 1629 678 secundet.

182 720 254 802 Ego
284 732 370 782 certe
400 722 528 801 quoties
557 731 683 783 nostras
712 719 886 783 seditiones
915 730 1124 800 caeterosque
1155 739 1260 782 mores
1290 719 1473 794 considero,
1504 722 1537 782 in
1565 739 1631 783 earn
1676 776 1678 781 .

183 826 366 905 opinionem
390 825 480 887 soleo
504 824 664 887 interdum
687 823 812 899 adduci,
835 837 871 887 ut
890 825 1044 887 damnata
1067 804 1176 886 Ziicae
1193 835 1346 903 tempora
1368 835 1524 889 metuam.
1547 823 1633 901 Vale,

183 930 368 990 suavissime
390 927 578 1010 Augustino,
602 931 682 990 etsi
706 928 782 1009 quid
806 929 893 1009 apud
916 949 974 991 vos
998 938 1178 990 memoratu
1208 928 1341 1011 dignum
1367 938 1426 1003 est,
1450 948 1575 1010 quaeso
1597 928 1634 991 ad

184 1051 237 1093 me
259 1033 375 1108 scribe;
405 1033 574 1111 facitoque,
600 1033 689 1113 quod
721 1033 875 1095 hactenus
905 1033 1013 1108 fecisti,
1037 1049 1071 1095 ut
1095 1053 1196 1112 opera
1219 1046 1273 1096 tua
1296 1034 1371 1095 mihi
1396 1035 1529 1095 minime
1551 1033 1635 1095 desit

183 1136 386 1199 Plutarchum
412 1156 491 1220 rogo
514 1157 579 1199 non
611 1136 760 1219 negligas,
790 1138 866 1217 quia
896 1156 971 1198 eum
999 1136 1178 1199 avidissime
1206 1147 1355 1216 expecto,
1392 1136 1518 1198 Versus
1541 1157 1636 1211 meos

183 1242 239 1303 ubi
265 1241 440 1303 commode
469 1240 605 1302 exscribi
635 1250 795 1320 poterunt,
825 1239 867 1302 ad
890 1253 922 1303 te
945 1244 1079 1316 mittam,
1110 1261 1175 1303 non
1205 1252 1239 1303 ut
1263 1241 1349 1322 legas
1380 1236 1473 1323 (quid
1501 1241 1636 1302 enimin

183 1345 232 1406 his
252 1356 306 1406 tua
321 1344 456 1408 lectione
480 1343 610 1427 dignum
619 1341 643 1427 l)
667 1363 772 1424 neque
789 1356 822 1406 ut
838 1345 979 1428 corrigas
1002 1345 1046 1428 (id
1066 1347 1151 1406 enim
1174 1349 1227 1407 vix
1242 1347 1378 1426 spongia
1400 1357 1457 1407 aut
1474 1344 1638 1407 Vulcanus

184 1445 321 1531 faceret).
346 1448 403 1511 sed
419 1459 453 1511 ut
471 1450 637 1509 materiam
661 1447 784 1510 ridendi
809 1449 936 1525 babeas,
952 1448 1084 1530 quando
1100 1450 1154 1511 tibi
1171 1450 1313 1512 fortassis
1328 1468 1434 1533 nugae
1451 1448 1638 1511 Maximiani

185 1552 309 1616 desunt.
332 1553 449 1615 lterum
471 1554 549 1615 vale.
572 1551 624 1613 Ex
647 1551 871 1632 llassensteyn
894 1555 923 1618 4.
946 1552 1095 1637 Augusti.

273 1778 297 1829 0
316 1775 394 1829 boul‘i
413 1794 430 1828 v
450 1776 561 1829 Ulrrfch
582 1793 673 1828 srovn.
693 1776 849 1829 Palacltkho
868 1777 901 1840 V,
919 1776 944 1839 2,
964 1774 1022 1828 103.
1049 1775 1116 1845 Jake
1136 1782 1165 1828 to
1183 1778 1263 1829 verse
1282 1775 1480 1843 Bohuslavovy
1499 1776 1575 1843 mely
1592 1792 1639 1844 pro

185 1863 340 1932 Augustina
362 1864 498 1931 ptepslny
523 1862 590 1930 by'ti,
613 1863 731 1916 nevlme.
765 1864 878 1929 »Nugae
898 1861 1073 1916 Maximiani«
1099 1879 1134 1915 na
1159 1862 1241 1915 konei
1265 1862 1329 1915 listu
1353 1862 1434 1915 znadl
1460 1861 1530 1914 snad
1556 1861 1639 1914 basod

186 1951 323 2013 milostne,
342 1950 432 2019 nekdy
451 1950 484 2003 ai
506 1950 582 2018 plilis
607 1950 822 2011 naturalisticlte,
841 1950 916 2002 litere
939 1949 1019 2019 jaky's
1037 1948 1120 2002 velmi
1145 1951 1246 2017 pozdnl
1269 1949 1358 2017 elegilt
1383 1950 1440 2015 (VI.
1459 1948 1522 2002 stol.
1542 1966 1578 2017 po
1596 1949 1639 2000 lir.

185 2039 266 2107 podle
284 2035 416 2100 Teuffela,
436 2037 538 2089 Gesch.
557 2037 583 2089 d.
602 2038 671 2089 riim.
690 2036 753 2100 Lit,
772 2038 797 2091 5.
816 2035 887 2090 Aufl.
905 2037 938 2101 11,
959 2035 1037 2105 1274)
1055 2036 1101 2105 byl
1120 2036 1208 2089 slolil.

878 2388 948 2452 115.

604 2542 824 2617 Bohuslav
847 2541 1000 2637 Janovi
1027 2566 1050 2616 z
1079 2541 1221 2639 Pibry.

273 2751 294 2806 Ζ
313 2750 467 2809 Ηυῐῦίοὶηι
485 2750 576 2817 (15⁰5)
590 2750 680 2805 -28.
700 2749 766 2807 adil.
795 2749 927 2818 Vysloviv
946 2749 1080 2819 poteseni,
1099 2749 1131 2802 ie
1150 2749 1275 2802 konedne
1295 2747 1410 2815 jednfni
1432 2746 1520 2815 jejiclt
1539 2748 1641 2817 nabylo

186 2839 275 2908 pevne
288 2840 369 2907 pbdy,
382 2839 450 2901 radi,
462 2837 516 2905 aby
535 2838 570 2889 do
583 2838 673 2889 Frank
692 2837 884 2906 tprtbuznym
904 2837 1041 2900 nechodil,
1058 2835 1144 2905 nybri
1161 2835 1208 2904 jen
1227 2836 1342 2904 pilcbod
1362 2836 1490 2888 neustale
1510 2835 1642 2905 sliboval;

186 2927 269 2980 zatlm
288 2925 361 2994 pilnll
383 2924 433 2992 jim
457 2925 516 2994 psal
540 2943 556 2978 a
576 2924 662 2993 darliy
680 2925 770 2977 hledet
792 2923 849 2991 jiclr
875 2924 981 2978 ziskati.
1011 2923 1092 2993 Jinak
1116 2925 1166 2993 pr>l
1191 2924 1287 2993 mohly
1310 2922 1347 2991 by
1366 2923 1477 2991 timysly
1499 2922 1588 2991 jejich
1613 2939 1642 2975 se

186 3012 356 3066 ztroskotati.
375 3013 454 3081 (Luc.
474 3010 525 3064 115
534 3013 567 3078 b.)

270 3207 385 3290 Joanni
417 3206 458 3268 de
488 3206 579 3267 Pibra
607 3226 631 3268 s.
654 3225 684 3284 p.
708 3204 738 3266 d.
789 3204 926 3268 Gaudeo
960 3209 1040 3269 iacta
1069 3205 1201 3269 tandem
1232 3204 1442 3266 fundamenta
1475 3206 1642 3266 actionum

187 3324 369 3375 nostrarum
391 3329 471 3385 esse,
493 3329 655 3390 speroque
678 3310 868 3389 propediem
891 3310 1040 3385 futurum,
1064 3321 1099 3372 ut
1121 3312 1229 3371 omnia
1251 3309 1332 3370 haec
1354 3319 1386 3370 et
1402 3307 1527 3370 radices
1550 3309 1641 3369 altius

91 3475 94 3480 .
187 3427 293 3498 agant,
323 3427 354 3478 et
376 3414 418 3476 ad
445 3412 549 3489 finem,
579 3432 676 3494 quem
707 3416 861 3493 cupimus,
895 3417 1086 3495 perveniant.
1121 3413 1219 3493 Quod
1250 3425 1358 3475 autem
1388 3413 1430 3475 ad
1462 3414 1521 3475 iter
1552 3424 1643 3475 tuum

187 3540 296 3582 versus
323 3519 533 3581 franconiam
565 3520 685 3591 attinet,
717 3520 813 3580 tutius
843 3519 1082 3598 consultiusque
1113 3518 1188 3580 mihi
1211 3519 1350 3580 facturus
1373 3516 1496 3591 videris,
1522 3518 1549 3580 si
1572 3537 1642 3598 pro

187 3625 357 3687 sectionem
373 3623 470 3684 talem
486 3621 650 3696 distuleris,
666 3624 710 3685 ita
726 3633 842 3697 tamen,
859 3633 894 3684 ut
909 3642 982 3684 cum
999 3625 1129 3685 minime
1145 3642 1185 3684 eo
1199 3624 1316 3696 venias
1340 3624 1469 3700 semper
1490 3634 1643 3684 venturus

188 3728 330 3792 videaris.
364 3727 481 3807 Neque
512 3726 646 3788 difficilis
676 3728 735 3788 erit
757 3746 868 3788 morae
898 3728 1052 3789 eiusmodi
1083 3729 1257 3801 excusati0,
1280 3745 1354 3788 cum
1378 3737 1425 3788 tot
1450 3727 1643 3807 reipublicae

189 3843 318 3894 nostrae
341 3833 476 3913 negotiis
499 3829 668 3909 implicitus
691 3832 740 3891 sis.
765 3829 871 3892 Velim
895 3843 1002 3893 tamen
1030 3835 1154 3894 interim
1178 3842 1209 3893 te
1232 3832 1390 3910 principes
1412 3832 1482 3892 eius
1506 3830 1643 3892 familiae

188 3937 303 4016 partim
333 3936 551 4015 frequentibus
582 3935 678 3997 literis
709 3936 823 4012 partim
847 3938 942 3997 etiam
970 3936 1164 3998 munusculis
1187 3937 1242 3997 tibi
1265 3935 1440 3997 conciliare.
1475 3931 1542 3996 Cur
1565 3935 1644 3997 haec

108 4025 116 4041 ⁶
188 4042 333 4113 scribam,
356 4037 444 4099 facile
468 4038 640 4120 intelligere
663 4050 765 4117 potes.
790 4036 854 4100 Ubi
878 4042 971 4101 enim·
986 4060 1027 4102 eo
1050 4041 1210 4119 profectus
1238 4040 1341 4114 fueris,
1364 4050 1397 4101 et
1418 4042 1574 4118 captiosis
1596 4037 1644 4123 (ut

189 4145 355 4225 colloquiis
378 4144 546 4206 hominum
577 4141 643 4204 fieri
666 4141 759 4226 solet)
783 4145 1088 4225 interrogatiunculis
1119 4163 1184 4206 non
1211 4163 1253 4204 ex
1276 4145 1433 4205 sententia
1459 4163 1575 4207 eorum
1597 4162 1643 4205 re·

189 4250 364 4329 spondetis,
388 4267 506 4322 vereor,
531 4267 571 4309 ne
601 4259 736 4309 conatus
766 4249 865 4309 nostri
896 4250 1034 4326 primum
1065 4249 1196 4328 quidem
1226 4250 1372 4329 suspecti,
1395 4247 1516 4309 deinde
1547 4250 1643 4319 invisi,

188 4364 353 4435 postremo
375 4352 496 4414 ridiculi
520 4354 589 4414 sint.
611 4350 698 4413 Amo
715 4363 755 4427 te,
768 4352 917 4432 loannes,
941 4372 983 4413 ex
1002 4354 1118 4427 animo,
1134 4363 1166 4413 et
1183 4354 1291 4414 omnia
1313 4361 1369 4414 tua
1392 4351 1557 4414 fortunata
1573 4372 1642 4415 esse

189 4461 293 4538 cupi0‚
323 4468 421 4536 atque
451 4456 524 4518 ideo
556 4455 642 4517 nude
673 4458 873 4537 ingenueque
902 4467 1009 4518 tecum
1033 4476 1103 4539 ago.
1141 4455 1248 4518 Tuum
1272 4467 1328 4531 est,
1355 4474 1440 4536 quae
1470 4458 1589 4532 scribo,
1612 4460 1641 4518 in

189 4564 337 4625 dextram
361 4572 483 4642 partem
507 4563 650 4639 accipere
672 4560 939 4641 considerareque
962 4580 1021 4639 pro
1037 4572 1092 4622 tua
1108 4561 1284 4639 prudentia,
1307 4559 1385 4641 quid
1408 4562 1555 4622 maxime
1571 4573 1643 4624 tuae

189 4670 233 4731 rei
256 4667 414 4747 expediat.
440 4665 529 4726 Vale.
553 4664 656 4727 Datae
679 4666 710 4726 in
735 4664 957 4743 [lassensteyn
981 4664 1030 4728 28.
1056 4664 1260 4743 Septembris

275 4889 408 4944 zahadna
426 4890 535 4958 povaha
551 4888 672 4956 jedntnt,
691 4888 768 4939 litera
787 4886 867 4940 l’ibra
887 4888 940 4940 mel
959 4906 972 4940 s
991 4884 1163 4955 plibuzny'mi
1185 4886 1276 4954 svymi
1294 4904 1328 4939 ve
1348 4887 1496 4939 Frankaich
1516 4905 1533 4940 a
1553 4888 1642 4940 Bnhu·

189 4981 248 5032 slav
266 4979 355 5031 tsilne
374 4977 548 5045 podporoval,
566 4975 612 5042 jen
633 4976 705 5028 mallo
731 4973 871 5041 objasrluje
896 4993 926 5026 se
950 4974 1040 5026 listem
1060 4973 1148 5025 tlmto.
1179 4972 1238 5025 Zdal
1257 4991 1296 5037 se,
1314 4972 1345 5026 ie
1364 4982 1443 5042 teprv
1463 4974 1595 5027 uchltzeti
1613 4992 1642 5026 se

191 5067 264 5119 chtel
284 5064 365 5117 Pibra
384 5082 400 5116 ο
419 5063 520 5116 uzna'mi
539 5062 725 5131 piibuzenstrf
745 5063 831 5114 sveho
850 5081 863 5113 s
881 5061 1005 5114 bohatou
1024 5077 1041 5113 a
1059 5064 1218 5113 vznesenou
1243 5060 1369 5123 rodinou,
1384 5059 1450 5127 jejii
1466 5059 1554 5127 jeden
1573 5063 1642 5122 dlen,

191 5152 329 5207 Vavlinec
353 5169 368 5204 z
392 5150 486 5217 Bibry,
510 5151 618 5203 tenlrat
642 5149 688 5218 byl
712 5149 855 5217 biskupem
881 5148 1107 5216 ll'iirzbursky'm.
1141 5148 1212 5200 Prod
1237 5147 1338 5200 uznfni
1363 5154 1432 5210 toto,
1456 5149 1491 5200 ad
1518 5148 1590 5201 sto-ti
1614 5155 1643 5200 tu

191 5259 207 5292 0
226 5239 414 5309 plibuzenstvi
436 5239 578 5301 skutedne,
598 5238 670 5289 melo
693 5237 852 5304 zplisobeno
876 5235 935 5304 biti
960 5235 1060 5304 okollty
1078 5234 1125 5287 tak
1148 5233 1279 5302 lstirimi,
1295 5233 1341 5301 jak
1367 5233 1412 5286 list
1438 5234 1489 5286 nas
1515 5235 1642 5304 vyklaidsl,

187 5328 242 5396 jest
259 5329 349 5396 plimo
367 5324 608 5395 nepochopitelno
