3660 5850
896 677 944 740 12.

491 813 710 887 Bohuslav
739 812 989 887 Bernhardu
1017 815 1345 889 Adelmannovi.

279 985 355 1051 (1488
374 1016 406 1024 -
426 1000 459 1039 na
478 985 567 1050 liniti.)
586 985 695 1053 Zprltvu
720 984 791 1036 diva
810 1002 826 1035 o
845 985 1008 1053 pllpraVAch
1029 986 1140 1039 kvalee
1160 1005 1173 1039 s
1193 987 1314 1055 kurfrl‘ty,
1334 988 1402 1040 lrtell
1423 987 1533 1040 lrvolbe
1553 988 1642 1040 eisaie

193 1071 379 1124 Maximiliana
398 1072 471 1125 kraile
491 1072 649 1124 Vladislava
669 1071 821 1138 nepozvali,
840 1088 856 1123 a
875 1072 1017 1125 scisalem
1038 1073 1163 1140 samym;
1183 1073 1190 1125 i
1210 1074 1303 1126 kterak
1323 1074 1420 1142 pisatel
1440 1092 1469 1127 se
1489 1075 1588 1142 chysta
1607 1092 1644 1126 na

191 1157 288 1210 sluibu
307 1158 453 1211 dvorskou.
474 1158 554 1226 rLuc.
573 1158 615 1220 62,
635 1157 785 1225 Vinaiicky'
804 1157 839 1226 4.)

279 1333 463 1396 Bernhardo
486 1333 691 1397 Adelmanno
715 1358 730 1397 s
763 1357 793 1415 p.
818 1336 847 1398 d.
871 1336 964 1416 Quae
988 1336 1076 1415 apud
1099 1356 1159 1398 nos
1182 1348 1339 1419 gerantur,
1363 1338 1498 1398 arbitror
1525 1348 1556 1398 te
1579 1341 1641 1399 iam

191 1439 277 1499 sama
300 1439 496 1520 cognovisse.
531 1439 719 1522 Flagramus
748 1443 832 1501 enim
864 1459 978 1501 omnes
1009 1440 1183 1502 incredibili
1206 1441 1312 1502 studio
1341 1441 1411 1501 belli
1435 1441 1563 1522 gerendi
1588 1442 1642 1502 ad·

191 1562 301 1603 versus
324 1541 495 1604 nonnullos
511 1541 701 1605 Germaniae
724 1547 891 1622 principes
908 1565 926 1605 a
942 1545 1059 1623 quibus
1083 1546 1276 1636 noslinsigni
1300 1545 1492 1608 contumelia
1508 1545 1642 1607 allectos

190 1648 419 1720 existimamus
444 1646 533 1726 quod
556 1667 664 1730 regem
688 1659 833 1710 nostrum
850 1648 891 1709 ad
908 1648 1092 1729 suffragium
1117 1648 1158 1709 de
1175 1669 1258 1710 novo
1282 1652 1473 1727 imperatore
1496 1649 1642 1731 eligendo

190 1749 364 1811 ineundum
388 1761 500 1811 contra
522 1754 687 1832 antiquam
711 1753 976 1813 consuetudinem
1001 1754 1128 1814 minime
1152 1764 1353 1814 vocaverunt.
1378 1753 1492 1832 Neque
1509 1752 1642 1814 deerunt

184 1853 378 1934 justissimae
402 1866 530 1917 nostrae
561 1876 677 1918 causae
700 1856 883 1917 Pannoniae
914 1855 1128 1936 Poloniaeque
1158 1875 1258 1937 reges
1289 1875 1426 1936 quorum
1458 1858 1536 1918 alter
1566 1856 1642 1918 odio

188 1957 331 2038 quodam
352 1957 562 2022 Germanicae
586 1963 724 2023 nationis
746 1960 826 2022 alter
850 1962 949 2039 patria
974 1963 1092 2039 pietate
1117 1972 1223 2022 motus
1247 1962 1387 2041 ingentia
1410 1961 1503 2022 nobis
1526 1960 1642 2023 auxilia

188 2063 385 2140 pollicentur.
419 2061 502 2127 Sunt
525 2074 688 2143 praeterea
719 2064 761 2126 ad
784 2063 895 2126 Gallos
926 2063 1115 2145 Anglosque
1139 2065 1241 2145 legati,
1272 2066 1298 2125 si
1320 2084 1384 2144 qua
1406 2067 1528 2126 ratione
1551 2084 1642 2146 reges

187 2165 309 2227 illarum
327 2170 469 2249 gentium
486 2168 638 2231 adversus
655 2168 697 2230 Μ.
706 2172 734 2251 *)
758 2171 918 2231 concitare
935 2181 1075 2247 possent,
1092 2180 1126 2229 ut
1142 2168 1261 2246 duplici
1286 2168 1370 2229 bello
1388 2167 1640 2231 disiunctissimis

188 2272 218 2330 in
241 2271 320 2332 locis
350 2272 521 2351 implicitus
550 2272 684 2334 debilior
707 2272 748 2333 ad
772 2272 986 2334 resistendum
1009 2273 1056 2333 sit.
1096 2271 1164 2333 Nec
1194 2270 1368 2332 dubitaturi
1398 2291 1517 2346 sumna,
1540 2272 1567 2333 si
1590 2292 1640 2333 res

187 2386 315 2436 nostrae
337 2394 451 2456 parum
474 2395 516 2438 ex
532 2379 689 2438 sententia
712 2376 896 2454 procedent,
919 2378 1014 2436 etiam
1037 2374 1138 2438 Getas
1153 2374 1364 2456 Scythasque,
1388 2395 1471 2454 quos
1485 2375 1639 2438 Tartaros

187 2477 395 2557 appellamus,
418 2482 450 2540 in
472 2482 660 2542 societatem
684 2479 757 2541 belli
785 2483 933 2558 recipere.
969 2479 1104 2551 Vellem,
1128 2480 1154 2541 si
1177 2479 1245 2540 fieri
1268 2493 1387 2557 posset,
1411 2479 1452 2541 de
1474 2479 1522 2542 his
1545 2481 1641 2542 rebus

187 2596 295 2644 tecum
318 2583 458 2664 colloqui
478 2595 510 2646 et
525 2604 617 2646 more
640 2596 751 2646 nostro
774 2587 879 2654 veteri,
896 2583 973 2645 dum
998 2596 1031 2645 tu
1048 2595 1176 2645 tuorum
1192 2595 1224 2644 et
1246 2602 1308 2666 ego
1323 2603 1469 2645 meorum
1492 2586 1639 2646 virtutem

186 2688 217 2749 in
242 2687 368 2749 coelum
391 2676 537 2762 tollimus,
561 2690 731 2768 plurimum
756 2691 909 2767 temporis
940 2688 1125 2750 altercando
1156 2706 1355 2749 consumere.
1393 2686 1528 2766 Quoties
1554 2689 1639 2749 enim

188 2790 242 2852 illo
265 2791 421 2853 versiculo
445 2805 565 2853 uterer:

278 2933 380 2995 »quae
397 2914 519 2975 miseris
542 2914 659 2976 caedes
675 2913 887 2977 Laurentibus
910 2917 1064 2988 instant«,
1087 2916 1213 2995 quoties
1236 2914 1395 2976 exercitus
1410 2924 1533 2975 vestros
1549 2914 1638 2975 fusos

187 3018 380 3099 fugatosque
403 3030 434 3078 et
457 3029 579 3080 veteres
613 3030 741 3080 nostras
768 3020 916 3080 victorias
946 3036 1244 3089 commemorarem,
1276 3030 1310 3079 ut
1340 3018 1394 3079 tibi
1425 3017 1546 3078 homini
1573 3017 1638 3078 elo-

187 3114 336 3201 quentiae
359 3123 593 3185 studiosissimo
617 3143 657 3184 ne
681 3125 794 3184 mutire
815 3122 944 3203 quidem
969 3123 1083 3183 liceret.
1108 3121 1220 3183 Habes
1244 3121 1387 3199 publica:
1412 3139 1496 3183 nunc
1519 3123 1640 3199 privata

186 3229 304 3304 accipe.
328 3226 382 3288 llle
405 3228 490 3287 enim
513 3238 587 3289 tuus
611 3226 801 3301 BohuslauS,
824 3229 880 3307 qui
902 3225 989 3305 apud
1020 3225 1212 3288 Parnassum
1236 3236 1267 3286 et
1291 3224 1449 3287 Helicona
1472 3227 1501 3285 in
1526 3226 1639 3286 umbra

186 3331 283 3394 latere
306 3331 439 3405 solebat,
467 3333 587 3412 quique
617 3334 670 3394 otii
701 3343 731 3394 et
756 3332 987 3411 tranquillitatis
1016 3350 1144 3409 semper
1174 3328 1396 3408 cupidissimus
1428 3329 1490 3402 suit,
1514 3340 1638 3390 vastum

186 3434 262 3496 illud
286 3454 433 3497 curarum
467 3447 499 3498 et
521 3434 756 3498 solicitudinum
791 3436 923 3518 pelagus
958 3445 1073 3515 sponte
1107 3433 1288 3514 ingreditur,
1319 3444 1351 3495 et
1384 3453 1424 3494 eo
1454 3434 1638 3495 ambitionis

163 3541 350 3617 processit,
373 3550 408 3601 ut
432 3539 526 3601 fumis
548 3538 699 3600 salsarum
730 3539 919 3621 dignitatum
946 3550 1043 3620 atque
1073 3538 1234 3599 honorum
1258 3548 1452 3598 excoecatus
1476 3539 1505 3597 in
1533 3535 1637 3599 aulam

186 3644 316 3724 regiam,
333 3664 352 3704 a
368 3664 432 3724 qua
448 3663 574 3722 semper
590 3644 792 3716 abhorrebat,
809 3654 841 3705 et
857 3645 889 3704 in
904 3643 1193 3704 turbulentissimas
1209 3653 1417 3721 tempestates
1432 3661 1467 3702 se
1483 3642 1638 3703 coniicere

185 3747 312 3808 audeat.
336 3746 543 3826 Quanquam,
567 3759 601 3809 ut
625 3749 681 3809 tibi
704 3759 813 3826 aperte
837 3748 944 3821 fatear,
975 3758 1129 3808 nontam
1161 3747 1300 3808 honores
1323 3765 1375 3807 me
1406 3748 1438 3807 in
1461 3746 1543 3807 hanc
1566 3766 1637 3807 sen-

186 3853 318 3914 tentiam
341 3834 470 3926 ducnnt,
503 3871 600 3933 quam
625 3853 785 3931 quaedam
809 3853 911 3930 pietas
941 3853 971 3911 in
996 3851 1139 3929 patriam,
1171 3870 1229 3929 pro
1253 3870 1316 3931 qua
1340 3852 1436 3912 etiam
1467 3851 1545 3910 mori
1568 3851 1637 3930 pul-

185 3955 377 4017 cherrimum
394 3968 549 4034 putarem,
573 3960 598 4017 si
615 3967 717 4018 morte
741 3976 813 4017 mea
830 3958 960 4034 pristina
983 3956 1024 4016 illi
1047 3955 1147 4036 gloria
1164 3956 1393 4033 repraesentari
1409 3956 1518 4033 possit.
1543 3953 1637 4015 Hanc

186 4079 248 4140 ego
272 4062 298 4120 si
320 4081 338 4120 a
362 4060 529 4132 nonnullis,
561 4064 613 4141 qui
645 4081 710 4123 non
734 4061 856 4139 patriae
886 4058 989 4121 solum
1013 4059 1069 4121 sed
1100 4062 1196 4121 etiam
1228 4059 1286 4119 Dei
1317 4059 1434 4119 inimici
1465 4068 1546 4131 sunt,
1577 4078 1636 4137 pro

185 4166 303 4226 viribus
330 4174 451 4226 tutatus
481 4165 579 4238 luero,
611 4167 764 4226 maiorem
789 4183 840 4225 me
869 4164 1013 4242 prolecto
1044 4164 1180 4226 fructum
1212 4175 1423 4223 consecutum
1451 4162 1636 4236 arbitrabor,

185 4270 333 4349 quamsi
357 4269 387 4329 in
403 4269 561 4329 bonarum
585 4272 698 4330 artium
723 4268 830 4329 studio
854 4281 884 4328 et
899 4267 995 4328 literis
1018 4287 1290 4339 consenescerem,
1313 4278 1480 4347 quactum
1504 4265 1636 4327 demum

185 4372 362 4434 laudabiles
384 4382 480 4453 atque
503 4372 705 4450 expetendae
728 4384 809 4447 sunt,
833 4375 858 4433 si
882 4391 924 4432 ex
940 4372 988 4433 his
1011 4374 1106 4434 etiam
1130 4370 1249 4453 aliquid
1273 4370 1314 4432 ad
1329 4389 1534 4433 communem
1557 4371 1637 4432 utili-

184 4488 284 4538 tatem
300 4476 468 4538 consertur.
493 4476 583 4537 Haec
600 4488 681 4549 sunt,
701 4496 784 4556 quae
800 4478 855 4538 tibi
871 4477 933 4538 hoc
949 4488 1096 4555 tempore
1119 4476 1286 4537 scribenda
1302 4477 1487 4536 existimavi.
1509 4472 1542 4536 Si
1558 4475 1635 4555 quid

184 4591 350 4660 praeterea
384 4591 564 4643 memoratu
599 4581 730 4662 dignuin
765 4583 896 4655 eveniet,
931 4600 995 4641 non
1030 4581 1195 4661 gravabor,
1226 4599 1299 4640 cum
1330 4582 1466 4657 primurn
1497 4579 1634 4658 aliquem

184 4696 359 4747 vestratem
381 4696 494 4747 nactus
525 4685 624 4754 luero,
656 4700 686 4746 te
710 4686 811 4746 lacere
842 4688 1016 4746 certiorem.
1055 4684 1144 4754 Vale,
1168 4696 1199 4744 et
1223 4683 1270 4743 lac
1301 4696 1335 4744 ut
1360 4685 1476 4757 sciam,
1496 4682 1573 4763 quid
1596 4682 1635 4744 N.

185 4801 297 4850 noster
319 4801 400 4870 agat,
425 4792 577 4869 quoniam
602 4789 774 4850 dormitare
799 4790 873 4850 mibi
898 4789 1028 4850 videtur.

273 4975 431 5029 Listtento
450 4977 539 5029 nalell
558 4976 653 5044 zajiste
673 4994 746 5029 nar.
769 4975 849 5039 148&
875 4976 995 5044 Palacky
1014 4976 1055 5038 V.,
1083 4977 1104 5038 l,
1124 4975 1174 5030 ‘257
1194 4975 1283 5042 mysli,
1308 4976 1339 5027 le
1358 4976 1464 5044 napsain
1492 4976 1537 5043 byl
1556 4984 1634 5044 teprv

184 5082 221 5133 po
240 5062 335 5130 ajezdu
353 5063 531 5132 Jihlavskem,
551 5065 628 5132 krerp
643 5064 771 5133 odbyvan
790 5081 826 5116 na
839 5065 958 5132 podatlru
977 5064 1033 5116 zali
1051 5072 1070 5117 t.
1089 5081 1109 5116 r.
1129 5063 1190 5131 Kdy
1204 5063 1344 5115 Bohuslav
1363 5063 1471 5116 tenkrat
1491 5064 1525 5115 do
1539 5064 1633 5133 sluiby

274 5307 300 5374 ss)
319 5304 544 5360 Maximilianum.
