3660 5850
868 409 962 471 1502.
1592 405 1642 463 131

188 624 315 687 indoles
337 622 477 687 extfncta
501 625 565 687 est?
598 624 657 687 Ais
680 637 712 687 te
735 626 841 700 vereri,
864 645 906 687 ne
928 623 1048 687 subditi
1069 626 1186 687 iniuriis
1208 625 1388 702 exasperati
1412 624 1442 684 in
1465 624 1644 700 superiores

188 741 394 812 consurgant,
417 748 532 808 neque,
556 740 590 789 ut
606 728 680 789 mihi
705 727 836 803 videtur,
860 730 1025 790 immerito.
1049 724 1202 790 Omnium
1226 729 1310 789 enim
1334 726 1539 806 tyrannidum
1562 743 1645 806 pene

188 836 216 895 is
239 836 346 896 exitus
368 845 425 896 est.
448 832 555 895 Tanto
579 828 687 894 autem
710 814 812 914 magis
827 831 859 894 id
875 835 906 894 in
921 831 1095 895 Germania
1110 831 1289 894 timendum
1305 843 1362 906 est,
1385 843 1507 912 quanto
1531 830 1645 913 vulgus

188 949 331 1000 vestrum
355 949 387 999 et
409 937 546 999 ferocius
569 947 601 997 et
624 939 783 999 servitutis
811 939 1027 1016 impatientius
1050 955 1120 998 esse
1144 947 1282 1015 putatur.
1317 934 1476 1017 Joannem
1500 943 1646 996 nostrum

187 1039 463 1105 Sanshamensem
478 1041 654 1104 decessisse
669 1043 779 1121 iniquo
795 1043 902 1101 animo
918 1041 1030 1120 patior.
1053 1039 1130 1101 Erat
1145 1042 1231 1100 enim
1247 1039 1322 1100 mihi
1339 1038 1505 1100 Bononiae
1520 1054 1646 1099 summa

189 1144 413 1207 benevolentia
435 1155 533 1225 atque
556 1145 764 1207 familiaritate
786 1147 985 1207 coniunctus.
1013 1143 1162 1227 Ignoscat
1183 1143 1273 1206 Deus
1296 1142 1484 1204 immortalis
1507 1143 1645 1221 peccatis

188 1252 256 1311 suis
278 1261 309 1312 et
332 1251 427 1311 nobis
450 1249 601 1311 omnibus
624 1268 698 1311 cum
721 1268 762 1310 eo
786 1252 968 1328 portionem
991 1250 1023 1310 in
1045 1259 1128 1309 terra
1150 1247 1322 1309 viventium
1344 1245 1494 1308 conferat.
1531 1244 1644 1327 Equus

189 1364 265 1415 tuus
288 1364 485 1434 caeteraque,
508 1353 550 1414 de
573 1354 690 1434 quibus
713 1353 754 1416 ad
779 1371 832 1415 me
853 1353 973 1426 scribis,
996 1371 1091 1414 curae
1113 1351 1190 1414 mihi
1212 1360 1314 1426 erunt,
1337 1362 1369 1413 et
1391 1352 1644 1432 quamprimum

188 1476 247 1536 per
269 1460 391 1518 viamm
414 1456 634 1520 difficultatem
650 1457 717 1518 fieri
732 1460 856 1539 poterit,
880 1457 922 1518 ad
937 1468 968 1518 te
984 1459 1157 1519 mittentur.
1181 1454 1250 1518 Nos
1265 1454 1315 1517 hic
1330 1454 1505 1516 adventum
1521 1455 1643 1536 regium

188 1560 335 1640 quotidie
364 1572 581 1641 expectamus,
610 1563 636 1621 is
664 1563 689 1622 si
720 1560 892 1635 differetur,
923 1560 1119 1623 Pannoniam
1150 1559 1225 1620 milri
1252 1558 1410 1638 proficisci
1433 1577 1564 1621 necesse
1586 1567 1643 1620 est.

189 1664 283 1728 Vale.
306 1664 444 1746 Januarii
466 1663 536 1726 ΧΧ.

276 1869 418 1937 Johannes
436 1867 660 1931 Sanshamensis‚
677 1868 759 1936 jehoi
779 1869 907 1922 nedavna
931 1877 1000 1922 smrt
1019 1886 1036 1919 v
1054 1868 1116 1921 liste
1135 1886 1165 1921 se
1183 1867 1346 1936 pfipomfna,
1366 1868 1412 1936 byl
1429 1868 1480 1936 Jan
1498 1884 1532 1921 ze
1551 1866 1641 1920 Scins·

189 1953 293 2018 heimu,
313 1955 451 2008 lranovnflr
470 1954 676 2025 Eichstiidtslry.
695 1957 720 2009 V
739 1957 887 2009 Bononslre
906 1955 1021 2009 matrice
1047 1955 1152 2025 niroda
1175 1956 1347 2008 nemeclrelro
1371 1956 1453 2021 (Acta
1471 1962 1526 2009 nat.
1544 1956 1641 2023 germ.)

189 2043 292 2110 zapsAn
314 2041 369 2110 jest
387 2044 482 2095 ovsem
501 2042 533 2095 ai
552 2061 573 2095 r.
593 2044 668 2107 14⁸4,
694 2044 748 2112 lrdy
772 2044 912 2096 Bohuslav
939 2044 989 2096 nas
1008 2061 1025 2094 v
1045 2042 1164 2095 Bononii
1180 2042 1217 2109 jit
1236 2040 1326 2111 nebyl,
1350 2042 1393 2095 ale
1412 2042 1534 2111 zapisem
1559 2042 1640 2094 timto

190 2129 408 2198 pilleiitostnym
434 2130 499 2183 neni
524 2130 648 2184 nilrteralr
672 2131 837 2199 prolrazano,
860 2130 891 2183 le
916 2128 952 2198 by
970 2139 1027 2183 tam
1053 2131 1165 2183 nemolrl
1189 2130 1235 2198 byl
1254 2129 1312 2198 by'ti
1334 2129 1372 2197 jii
1397 2130 1528 2182 mnohem
1553 2129 1638 2182 dl‘fve.

190 2219 281 2270 Tento
299 2217 360 2285 Jan,
379 2234 396 2267 v
415 2217 530 2269 matrice
549 2218 670 2286 zapsany
690 2216 755 2284 jako
776 2217 892 2270 »nobilis
916 2218 982 2280 vir«,
1001 2217 1081 2285 podle
1100 2217 1232 2270 domneni
1256 2217 1363 2270 naseho
1383 2216 1443 2285 Jiny
1461 2215 1517 2284 jest
1539 2216 1574 2268 od
1588 2218 1640 2269 slo-

190 2303 315 2356 vutneho
341 2303 451 2355 tenkrirt
482 2303 641 2370 humanisty
671 2303 838 2371 podobneho
863 2303 965 2371 jmena,
992 2304 1061 2372 Jana
1088 2303 1226 2356 Waclrera
1252 2303 1376 2371 (vigilia)
1402 2320 1434 2356 ze
1462 2301 1639 2365 Sunsheimu,

191 2390 348 2459 professora
366 2407 383 2439 v
402 2388 596 2442 Heidelberlru.
615 2389 733 2442 menlra
751 2407 787 2443 na
806 2390 888 2442 ltonci
907 2390 971 2442 listu
988 2407 1005 2441 o
1018 2390 1206 2442 odelravanem
1226 2388 1347 2458 ptfjezdu
1366 2389 1477 2442 kralove
1489 2406 1506 2442 a
1519 2389 1640 2442 budoucl

191 2480 266 2530 ceste
286 2476 393 2528 naseho
412 2475 571 2527 Bohuslava
589 2475 625 2527 do
643 2476 721 2528 Ulrer
736 2475 792 2542 jest
809 2476 973 2544 podlrladem
990 2475 1056 2542 jeho
1075 2477 1197 2529 vrodenl.

891 2795 942 2857 94.

489 2931 709 3004 Bohuslav
738 2929 988 3004 Bernhardu
1016 2929 1340 3004 Adelmannovi.
1384 3029 1393 3046 .

276 3120 464 3187 (1502)-12.
482 3118 583 3176 biezna
609 3118 761 3187 Vyslovuje
780 3118 879 3181 obavu,
898 3117 1041 3187 ponevadi
1053 3119 1100 3172 talr
1113 3118 1216 3171 dlouho
1235 3118 1325 3187 itant
1337 3119 1383 3172 list
1393 3118 1459 3186 jeho
1478 3118 1641 3182 nedochfzf,

190 3207 221 3260 ie
246 3207 374 3260 adressat
397 3208 487 3259 etune.
512 3189 662 3259 Zadaneho
687 3206 758 3259 lione
783 3223 829 3258 mu
848 3205 944 3274 posfla,
966 3204 1047 3273 jalrof
1066 3204 1074 3258 i
1093 3205 1158 3274 listy
1183 3204 1345 3275 Paulinovy.
1376 3205 1537 3273 Oznamuje‚
1555 3205 1587 3258 ie
1606 3222 1642 3258 na

189 3296 289 3346 snemu
307 3295 446 3346 uzavfena
469 3294 592 3362 vyprava
615 3292 685 3360 proti
710 3292 843 3355 Turlrilm,
861 3309 877 3344 a
896 3292 990 3361 vydlta
1008 3291 1147 3360 spojence,
1174 3292 1244 3345 mezi
1263 3292 1348 3346 nimii
1367 3293 1432 3346 neni
1455 3294 1504 3361 pry
1522 3293 1577 3345 use
1596 3296 1641 3345 ne·

190 3380 296 3442 meckaf,
315 3383 348 3432 ad
362 3397 379 3431 v
392 3380 548 3449 prospechu
567 3380 696 3432 vlastnim
718 3380 789 3432 mdla
808 3377 845 3447 by
863 3378 930 3447 byei.
950 3379 1028 3431 Dara
1047 3379 1157 3447 zpravu
1171 3379 1203 3432 ie
1216 3379 1273 3432 kral
1286 3397 1322 3449 po
1341 3380 1523 3433 velkonocfch
1543 3378 1641 3446 odjede

188 3467 224 3519 do
244 3467 330 3529 Uher,
348 3484 365 3519 a
383 3466 415 3519 ie
433 3466 493 3519 sam
512 3465 570 3519 bud
586 3466 659 3519 hned
679 3484 692 3518 s
710 3466 768 3519 nim
787 3466 859 3518 atreb
878 3465 946 3534 brzy
964 3483 1000 3533 po
1019 3468 1083 3518 nem
1103 3465 1200 3534 pojede
1219 3467 1252 3519 lre
1271 3467 1367 3521 dvoru.
1385 3466 1464 3535 (Luc.
1482 3465 1535 3535 89.)

277 3642 463 3704 Bemhardo
487 3640 693 3704 Adelmanno
716 3662 740 3704 s.
757 3661 786 3720 p.
803 3642 834 3705 d.
856 3640 923 3704 Etsi
940 3643 1048 3703 omnia
1063 3662 1192 3723 sperare
1206 3643 1291 3717 libet,
1315 3647 1436 3723 optime
1452 3642 1641 3717 Bemlrarde,

188 3767 255 3808 non
279 3765 413 3827 possum
437 3757 544 3808 tamen
568 3747 791 3826 impraesentia
814 3765 880 3807 non
903 3746 1109 3808 vehementer
1123 3749 1204 3830 angi.
1229 3747 1357 3809 Novum
1373 3750 1456 3808 enim
1474 3747 1535 3808 hoc
1551 3757 1642 3808 tuum

188 3853 401 3930 pertinaxque
424 3848 581 3911 silentium
604 3861 639 3912 ut
662 3851 791 3911 minime
812 3851 868 3912 tibi
891 3861 1089 3924 consuetum,
1112 3853 1154 3912 ita
1177 3851 1251 3912 mihi
1274 3850 1454 3913 admodum
1470 3849 1643 3912 molestum

188 3965 245 4017 est.
276 3952 500 4033 Expectabam
523 3955 637 4016 abste
660 3972 778 4037 magno
802 3953 959 4015 desiderio
982 3952 1211 4029 Alchoranum,
1235 3954 1389 4018 Ottonem
1406 3954 1432 4016 F
1434 3957 1642 4037 risingensem

187 4068 220 4120 et
241 4059 396 4139 pleraque
420 4060 488 4120 eius
510 4060 641 4141 generis
663 4057 721 4119 sed
745 4078 782 4119 ea
805 4076 863 4137 spe
884 4057 1039 4119 hactenus
1061 4059 1226 4120 frustratus
1248 4077 1332 4120 sum:
1356 4070 1387 4120 et
1410 4060 1561 4140 quoniam
1578 4069 1643 4120 stu·

188 4162 279 4225 dium
304 4161 564 4244 diligentiamque
586 4173 675 4223 tuam
698 4163 728 4223 in
752 4162 808 4229 his.
840 4180 924 4241 quae
946 4161 988 4223 ad
1011 4180 1064 4222 me
1086 4165 1252 4242 pertinent,
1276 4161 1465 4241 iampridem
1488 4173 1642 4243 expertus

189 4285 271 4340 sum,
301 4265 365 4326 hoc
388 4277 533 4344 tempore
564 4265 612 4346 (ut
640 4268 801 4347 ingenium
832 4267 1009 4329 humanum
1041 4266 1083 4328 ad
1107 4266 1265 4329 deteriora
1288 4265 1478 4345 suspicanda
1502 4265 1643 4346 proclive

188 4369 250 4450 est)
281 4368 453 4432 valetudini
483 4381 558 4432 tuae
588 4373 705 4432 mirum
735 4373 767 4432 in
798 4371 933 4434 modum
960 4373 1068 4445 timec,
1102 4390 1207 4451 neque
1230 4383 1345 4445 tamen,
1379 4392 1446 4452 quo
1469 4372 1532 4434 hoc
1553 4383 1642 4433 metu

189 4476 428 4554 quamprimum
451 4473 575 4548 liberer,
598 4473 710 4556 longas
733 4495 752 4536 a
775 4487 806 4536 te
829 4476 1050 4554 frequentesve
1077 4475 1229 4554 epistolas
1252 4477 1356 4558 exigo,
1387 4474 1443 4536 sed
1467 4476 1542 4537 satis
1566 4475 1641 4536 mihi

189 4580 254 4651 erit,
285 4580 311 4638 si
341 4595 409 4638 rem
439 4597 505 4639 uno
537 4580 636 4640 verbo
667 4578 849 4654 absolveris,
877 4581 939 4642 hoc
962 4592 1009 4643 est
1033 4583 1058 4641 si
1080 4579 1304 4661 significaveris
1333 4591 1365 4641 te
1387 4578 1499 4640 valere.
1535 4579 1586 4642 De
1608 4599 1642 4640 re

188 4681 324 4743 literaria
346 4680 460 4742 eadem
484 4681 559 4743 mihi
582 4701 665 4763 quae
688 4685 774 4762 prius
797 4684 954 4746 sententia
975 4696 1031 4758 est,
1055 4686 1080 4744 si
1103 4683 1216 4745 saltem
1232 4684 1288 4745 tibi
1305 4702 1437 4764 quoque
1453 4692 1578 4744 tantum
1593 4695 1642 4745 est

189 4784 326 4847 adeam
349 4785 525 4848 curandam
555 4787 621 4859 otii,
651 4800 808 4867 quantum
835 4798 930 4848 antea
960 4787 1024 4849 fult.
1062 4786 1199 4867 Equum,
1229 4786 1271 4848 de
1297 4806 1363 4867 quo
1387 4786 1461 4848 mihi
1483 4788 1641 4865 scripsisti,

188 4891 243 4951 tibi
274 4888 408 4950 tandem
438 4891 531 4951 mitto
563 4888 718 4969 donoque
749 4902 781 4953 ct
812 4910 933 4969 precor.
965 4903 999 4951 ut
1029 4891 1105 4951 boni
1137 4891 1292 4965 consulas,
1320 4893 1412 4953 mitto
1436 4901 1467 4952 et
1490 4891 1641 4969 epistolas

188 4992 310 5055 Paulini
333 4991 538 5073 Antonique,
561 5012 627 5073 quo
650 4996 681 5054 in
705 5013 745 5055 eo
770 5013 900 5074 quoque
923 4993 1020 5055 fidem
1045 5013 1151 5055 meam
1167 4994 1307 5055 liberem.
1330 4993 1429 5074 Apud
1445 5013 1505 5055 nos
1521 4993 1641 5055 bellum

187 5096 342 5159 adversus
365 5095 490 5159 Turcos
512 5098 657 5159 omnium
680 5097 830 5159 ordinum
853 5098 1011 5179 suffragiis
1034 5098 1198 5160 decretum
1222 5110 1278 5173 est,
1302 5097 1390 5179 quod
1413 5101 1534 5160 utinam
1550 5109 1641 5161 tanto

186 5202 370 5262 animorum
392 5200 507 5263 ardore
529 5211 699 5282 gereretur,
722 5214 757 5263 ut
780 5213 933 5281 coeptum
956 5213 1012 5264 est.
1035 5200 1118 5265 Socii
1136 5201 1207 5263 belli
1222 5212 1296 5264 sunt
1312 5204 1456 5282 pontifex
1473 5205 1641 5275 maximus,

184 5303 310 5368 Galliae
344 5303 585 5387 Hispaniaeque
617 5325 709 5388 reges
736 5305 927 5387 Venetique,
962 5325 1068 5385 neque
1102 5307 1206 5367 solum
1240 5325 1381 5368 annuum
1412 5309 1478 5368 auri
1512 5306 1641 5386 pondus

1452 5439 1487 5493 9*
