3660 5850
861 385 952 445 1497.
1598 386 1632 438 ii

184 614 249 658 non
272 598 378 660 hostio
402 599 459 660 sed
484 600 619 663 fenestra
643 600 724 661 ovile
747 598 944 663 dominicum
962 603 1091 681 ingressi
1108 613 1190 677 sunt,
1213 604 1271 666 sed
1288 623 1352 665 uno
1368 603 1519 684 exemplo
1535 615 1632 682 atque

183 701 300 763 eodem
325 702 503 766 domestico
519 716 769 767 contentusero
792 704 976 786 StratiquaS,
1000 705 1135 768 Boleslai
1155 707 1243 768 ducis
1259 708 1361 782 frater,
1385 707 1425 768 ad
1442 707 1632 789 Pragensem

184 804 358 881 ecclesiam,
381 827 478 888 quam
502 821 595 871 antea
617 809 821 888 despexerat,
848 813 929 871 miro
951 811 1082 872 ambivit
1106 810 1273 884 desiderio,
1304 830 1364 873 nec
1386 811 1554 873 difficulter
1575 811 1634 872 fra-

184 921 275 972 terno
299 911 404 973 favore
428 913 467 978 id.
491 913 580 991 quod
603 915 741 988 volebat,
764 926 955 977 consecutus
977 926 1041 989 est;
1072 914 1130 976 sed
1154 915 1231 976 dum
1255 918 1336 977 inter
1358 914 1440 977 duos
1463 917 1634 995 episcopos

185 1017 308 1091 iaceret,
339 1027 373 1078 ut
401 1019 489 1079 iuxta
520 1037 642 1079 morem
673 1021 884 1100 inungeretur,
919 1030 1064 1098 arreptus
1093 1019 1268 1081 daemonio
1298 1021 1464 1082 confestim
1495 1021 1634 1080 animam

184 1119 352 1193 exhalavit,
383 1132 419 1182 ut
441 1124 505 1183 iam
527 1122 745 1185 stultissimum
769 1125 808 1184 sit
838 1142 903 1184 non
927 1123 1168 1201 perhorrescere
1190 1125 1258 1186 eius
1280 1126 1412 1199 exitum,
1441 1125 1531 1185 cuius
1553 1123 1635 1185 facta

184 1226 321 1286 imiteris.
343 1224 388 1288 At
410 1225 491 1300 vide,
515 1247 612 1307 quam
635 1228 693 1289 sibi
717 1238 863 1289 constent
887 1229 934 1289 isti
960 1230 1114 1307 propositi
1136 1231 1200 1289 mei
1221 1227 1475 1308 reprehensores
1508 1225 1542 1289 Si
1564 1229 1635 1307 quis

184 1330 271 1389 enim
293 1332 404 1392 exeis
427 1332 598 1414 imaginem
622 1350 835 1393 marmoream
865 1342 919 1393 aut
949 1333 1114 1411 quippiam
1144 1352 1186 1393 ex
1216 1352 1290 1394 aere
1313 1355 1332 1393 a
1356 1352 1407 1393 me
1438 1332 1505 1393 fieri
1533 1331 1663 1405 vellet·

184 1451 401 1515 negaremque
424 1455 476 1496 me
497 1448 553 1498 aut
575 1436 770 1516 sculptorem
793 1455 989 1498 marmorum
1013 1447 1067 1498 aut
1091 1436 1214 1498 fabrum
1237 1439 1394 1498 aerarium
1417 1455 1496 1509 esse,
1526 1435 1635 1497 lauda-

185 1546 256 1597 rent
285 1556 409 1610 omnes,
440 1539 529 1619 quod
557 1559 604 1615 ea,
632 1560 715 1620 quae
742 1544 858 1615 nescio,
889 1559 941 1601 me
971 1542 1091 1601 nescire
1121 1552 1231 1621 aperte
1260 1540 1413 1602 dicerem:
1444 1559 1529 1603 nunc
1557 1559 1635 1601 vero

185 1643 338 1720 quoniam
360 1645 551 1723 episcopalis
573 1645 667 1706 officii
686 1657 718 1706 et
733 1646 808 1707 artis
830 1648 963 1707 omnino
986 1646 1146 1705 maximae
1168 1655 1267 1724 atque
1289 1644 1490 1706 difficillimae
1513 1663 1564 1705 me
1581 1646 1635 1704 im·

185 1747 324 1825 peritum
353 1749 490 1829 ingenue
520 1748 683 1822 confiteor,
714 1760 814 1811 terras
844 1750 1008 1828 mariaque
1039 1749 1234 1811 clamoribus
1264 1751 1399 1811 miscent
1426 1759 1457 1810 et
1481 1768 1534 1810 me
1556 1767 1640 1828 pene

185 1851 297 1931 capitis
323 1863 497 1914 arcessunt.
542 1853 725 1925 incubuisti,
756 1854 908 1933 inquiunt,
939 1874 957 1914 a
989 1855 1122 1933 pueritia
1152 1854 1258 1928 literiS,
1288 1852 1374 1915 unde
1404 1853 1493 1914 facile
1517 1850 1639 1913 discere

184 1956 324 2033 potuisti,
348 1975 431 2036 quae
454 1956 606 2036 pontificii
630 1960 770 2018 muneris
793 1968 880 2020 sunt:
904 1977 1034 2018 necesse
1065 1969 1113 2018 est
1143 1959 1227 2018 enim
1255 1968 1286 2018 et
1310 1967 1514 2018 mansuetum
1536 1969 1567 2019 et
1591 1976 1638 2017 se-

185 2077 296 2120 verum
324 2079 396 2122 esse
425 2072 456 2123 et
486 2081 545 2142 pro
573 2064 723 2123 varietate
753 2061 1008 2141 delinquentium
1036 2060 1158 2122 vultum
1193 2080 1327 2134 sumere,
1362 2057 1639 2140 quemadmodum

186 2163 301 2225 medici
325 2183 457 2244 quoque
480 2185 539 2245 pro
563 2167 716 2245 qualitate
738 2166 927 2227 morborum
950 2164 1125 2226 medicinas
1148 2166 1286 2248 aegrotis
1301 2165 1530 2227 administrant.
1555 2162 1640 2243 Quid

185 2267 236 2329 hic
258 2268 344 2330 aliud
367 2270 581 2348 respondeam
605 2271 663 2331 nisi
686 2272 801 2352 legisse
824 2290 876 2331 me
900 2272 1044 2332 omnium
1068 2289 1152 2349 pene
1174 2272 1317 2350 gentium
1333 2278 1430 2348 atque
1447 2269 1641 2348 populorum

173 2392 237 2459 ‘res
252 2384 366 2452 gestas
389 2376 579 2456 cognovisse
596 2377 679 2447 item,
703 2376 819 2454 quibus
842 2374 963 2436 insidiis
979 2376 1094 2436 summi
1112 2373 1211 2435 duces
1233 2372 1365 2435 hostiles
1379 2374 1490 2451 copias
1506 2371 1644 2434 fuderint

185 2476 435 2557 fugaverintque.
459 2479 575 2557 quibus
598 2479 751 2539 machinis
775 2479 871 2540 urbes
893 2479 1155 2558 expugnaverint,
1179 2478 1296 2557 quibus
1319 2477 1545 2538 blandimentis
1567 2493 1643 2537 con-

185 2583 301 2643 citatos
324 2583 458 2643 militum
482 2584 607 2644 animos
629 2584 817 2647 sedaverint.
842 2582 875 2646 Si
898 2585 969 2663 quis
992 2593 1099 2643 tamen
1116 2601 1168 2642 me
1183 2584 1335 2643 exercitui
1351 2581 1546 2661 praeficeret,
1570 2582 1641 2659 quis

185 2685 286 2747 ductu
309 2705 383 2748 meo
406 2686 560 2759 militaret,
584 2690 656 2768 quis
679 2707 745 2749 non
768 2687 891 2762 rideret,
915 2689 986 2767 quis
1009 2706 1073 2748 non
1092 2686 1276 2748 Phormioni
1299 2685 1340 2748 illi
1355 2697 1563 2766 compararet,
1587 2686 1642 2765 qui

186 2809 261 2851 cum
284 2809 449 2870 nunquam
473 2791 613 2854 hostium
636 2794 746 2867 aciem,
769 2811 933 2872 nunquam
956 2802 1059 2853 castra
1080 2792 1218 2865 vidisset,
1243 2789 1417 2852 Hannibali
1439 2789 1642 2852 callidissimo

187 2894 262 2957 duci
285 2907 455 2975 praecepta
477 2898 520 2958 rei
552 2895 693 2958 militaris
723 2894 848 2958 tradere
870 2896 989 2958 voluit?
1025 2895 1152 2975 Quodsi
1175 2897 1398 2974 imperatoriae
1423 2897 1553 2956 virtutes
1575 2913 1642 2955 non

186 3000 349 3061 literarum
372 2999 479 3062 studio
503 3000 560 3062 sed
583 3000 685 3063 multo
709 3020 768 3063 usu
794 3013 893 3081 atque
923 3002 1153 3062 exercitatione
1182 2999 1363 3061 discuntur:
1391 3019 1447 3061 cur
1476 3001 1642 3062 scientiam

186 3104 318 3185 regendi
341 3107 464 3167 animas
486 3105 571 3166 adeo
594 3106 687 3167 vilem
711 3116 808 3186 atque
832 3106 991 3167 abiectam
1014 3104 1161 3179 iudicant,
1185 3105 1276 3183 quasi
1299 3105 1367 3165 sine
1389 3102 1500 3166 labore
1516 3124 1554 3164 ac
1568 3105 1643 3186 vigi·

186 3206 284 3270 lautia
306 3211 338 3270 in
361 3209 476 3270 umbra
498 3221 530 3271 et
553 3228 610 3288 per
632 3211 733 3271 otium
757 3210 849 3272 alicui
872 3211 1041 3291 obtingere
1063 3217 1189 3290 posset;
1212 3210 1271 3269 nisi
1293 3207 1428 3270 fortasse
1451 3206 1571 3270 facilius
1594 3218 1644 3269 est

187 3312 332 3373 invisibili
355 3314 396 3375 illi
419 3312 512 3389 hosti,
535 3315 586 3375 eui
609 3313 694 3374 mille
717 3314 855 3375 nocendi
878 3324 968 3387 artes,
992 3332 1089 3392 quam
1113 3312 1241 3374 mortali
1262 3311 1385 3374 homini
1408 3313 1560 3386 resistere,
1588 3322 1644 3373 aut

189 3415 330 3479 deterius
352 3428 402 3480 est
424 3416 520 3480 deleri
544 3420 721 3479 exercitum
746 3436 844 3496 quam
868 3417 999 3478 multam
1024 3420 1198 3479 animarum
1221 3419 1285 3477 vim
1308 3417 1339 3476 in
1354 3416 1535 3497 gehennam
1552 3417 1643 3477 mitti.

188 3519 320 3600 Quanto
344 3520 456 3583 melius
478 3521 685 3603 Pythagoras,
710 3523 763 3600 qui
788 3520 986 3600 disciplinam
1010 3520 1169 3604 regendae
1191 3519 1382 3600 reipublicae
1397 3518 1541 3580 ultimam
1557 3519 1645 3580 audi-

188 3627 313 3688 toribus
336 3629 401 3688 suis
424 3626 579 3698 tradebat,
602 3625 706 3689 doctis
729 3628 791 3688 iam
814 3638 846 3689 et
862 3627 1008 3708 perfectis
1023 3636 1055 3687 et
1072 3628 1102 3686 in
1119 3627 1207 3686 omni
1223 3625 1382 3686 bonarum
1398 3625 1512 3685 artium
1527 3641 1643 3706 genere

189 3730 321 3792 eruditis
345 3728 462 3814 (tantas
485 3733 572 3792 enim
595 3733 637 3793 ibi
660 3741 868 3809 tempestates
890 3731 989 3793 homo
1006 3732 1257 3809 sapientissimus
1272 3728 1409 3801 videbat,
1433 3738 1468 3788 ut
1483 3729 1644 3789 neminem

189 3836 236 3896 eis
258 3837 459 3898 committere
480 3835 574 3897 vellet
597 3836 654 3897 nisi
677 3838 788 3910 virum,
811 3837 865 3916 qui
888 3846 995 3897 tantae
1018 3835 1095 3896 moli
1119 3833 1262 3896 sufficere
1284 3831 1417 3914 posset).
1446 3831 1532 3911 Quid
1555 3831 1644 3912 quod

188 3938 253 4000 hoc
268 3949 415 4018 tempore
437 3937 522 4001 nulla
538 3958 622 4018 pene
644 3941 872 4020 episcoporum
894 3930 1145 4001 auctoritas‘est!
1169 3936 1249 4016 Quis
1265 3938 1397 3998 enimin
1413 3946 1502 3999 tanta
1517 3956 1644 3999 morum

189 4042 372 4124 corruptela
394 4045 517 4105 veritati
539 4043 630 4105 locus
653 4062 724 4105 esse
746 4043 875 4124 posset?
913 4043 1070 4105 Pullulant
1100 4043 1244 4122 quotidie
1274 4044 1459 4103 innumerae
1490 4041 1645 4116 haereses,

189 4149 402 4209 ecclesiastica
424 4138 554 4227 praedia
577 4158 784 4228 occupantur,
808 4148 921 4209 foenus
943 4147 1071 4227 publice
1094 4157 1269 4222 exercetur,
1293 4145 1426 4207 infames
1449 4144 1646 4225 adulterique

189 4263 265 4314 sunt
296 4254 326 4312 in
356 4252 601 4334 magistratibus.
641 4251 731 4313 Haec
761 4271 866 4331 neque
896 4252 1095 4313 dissimulare
1126 4254 1193 4312 sine
1224 4252 1360 4330 pernicie
1391 4252 1516 4311 animae
1540 4269 1644 4330 neque

189 4357 361 4437 obiurgare
376 4359 444 4417 sine
464 4357 608 4417 omnium
629 4356 727 4417 ferme
751 4356 931 4418 offensione
954 4355 1032 4418 licet.
1056 4354 1154 4416 Adde
1178 4353 1266 4434 quod
1289 4365 1337 4416 tot
1353 4356 1490 4436 negotiis
1507 4353 1648 4432 impliciti

189 4469 274 4534 sunt,
297 4470 332 4521 ut
355 4478 520 4540 nunquam
544 4460 643 4521 libere
666 4460 808 4542 religioni
831 4480 943 4521 vacare
965 4462 1097 4540 possint.
1122 4459 1189 4520 lam
1212 4462 1297 4520 enim
1321 4479 1361 4520 eo
1384 4469 1514 4521 ventum
1531 4468 1587 4532 est,
1611 4470 1645 4520 nt

189 4582 274 4643 quae
296 4565 521 4644 episcoporum
545 4565 672 4644 propria
695 4575 778 4637 sunt,
801 4564 869 4626 aliis
892 4563 1055 4639 mandent,
1078 4575 1182 4625 cetera
1205 4574 1321 4637 autem,
1344 4563 1406 4624 hoc
1422 4574 1469 4624 est
1485 4562 1646 4637 secularia,

189 4670 251 4746 ipsi
273 4666 500 4729 administrent.
541 4668 654 4747 ltaque
683 4678 842 4750 coguntur
872 4689 983 4730 curare
1011 4687 1078 4729 rem
1106 4666 1305 4741 familiarem,
1336 4666 1536 4745 frequentare
1559 4665 1649 4728 aulas

190 4772 378 4851 principum,
401 4774 518 4833 versari
542 4774 621 4834 inter
644 4771 791 4833 assiduos
814 4772 979 4844 tumultus
1002 4790 1091 4832 arma
1113 4771 1252 4851 denique
1267 4781 1409 4833 tractare.
1433 4767 1525 4847 Quae
1541 4780 1650 4831 tamen

189 4895 252 4958 ego
269 4877 398 4937 minime
414 4874 678 4955 reprehendenda
693 4895 866 4952 censerem,
878 4879 904 4938 si
916 4896 1013 4957 quem
1029 4876 1165 4937 fructum
1181 4885 1338 4954 parerent.
1355 4872 1429 4936 Scio
1445 4876 1529 4934 enim
1547 4876 1591 4935 sic
1606 4874 1648 4935 ad

189 4987 276 5041 astra
297 4980 464 5060 proveniri,
487 4981 555 5040 scio
577 4998 635 5058 per
650 4979 767 5040 multas
783 4981 1004 5044 tribulationes
1020 5001 1081 5042 nos
1096 4983 1126 5041 in
1143 4999 1277 5062 regnum
1293 4977 1345 5040 dei
1361 4978 1483 5061 ingredi
1498 4989 1650 5057 oportere

189 5101 298 5161 neque
320 5083 460 5162 aliquem
483 5085 638 5158 coronari,
662 5085 717 5162 qui
741 5102 808 5144 non
823 5083 961 5166 legitime
977 5087 1148 5147 certaverit.
1172 5082 1321 5146 Ceterum
1338 5085 1455 5158 nescio,
1479 5082 1648 5163 quomodo

190 5206 307 5250 omnes
334 5185 365 5248 hi
395 5197 530 5249 conatus
555 5205 727 5249 vanescere
757 5199 788 5250 et
819 5190 850 5248 in
881 5188 1012 5250 nihilum
1044 5188 1143 5270 redigi
1170 5187 1290 5262 solent;
1323 5186 1437 5249 frustra
1460 5197 1568 5250 autem
1591 5188 1648 5248 niti

190 5310 298 5373 neque
321 5288 407 5354 aliud
429 5310 465 5352 se
487 5290 652 5374 fatigando
675 5293 733 5352 nisi
758 5291 869 5354 odium
892 5312 1046 5373 quaerere
1069 5303 1242 5368 extremae,
1262 5302 1296 5353 ut
1319 5294 1362 5354 ait
1385 5291 1444 5367 ille,
1467 5291 1648 5354 dementiae
