3660 5850
184 384 216 438 14
859 380 952 443 1486.

183 594 300 646 dvorslte
324 594 444 662 vstoupil
468 594 599 662 opravdu,
624 593 711 647 urbita
737 594 855 646 nevlme.
887 593 1073 647 Oadressatu
1098 593 1259 648 Bemhardu
1281 594 1484 647 Adelmannovi
1503 612 1520 647 a
1539 594 1632 647 bratru

179 681 245 748 jeho
264 681 423 734 Konradovi
439 680 501 747 jsou
519 682 630 749 zpravy‚
646 681 722 748 jichl
738 680 810 748 jsme
830 682 918 734 dosud
938 681 1022 733 mohli
1043 699 1072 732 se
1086 680 1201 741 dobrati,
1221 680 1303 733 velmi
1323 682 1390 734 kuse
1402 698 1419 734 a
1431 681 1630 750 nespoleblive.

182 768 329 821 Pochazeli
357 786 388 821 ze
416 768 567 821 §lechticlre
592 768 691 835 rodiny
719 768 852 821 Francke.
884 768 1025 821 Bemhard
1054 769 1102 836 pry'
1127 768 1232 820 narodil
1261 786 1291 821 se
1319 786 1339 821 r.
1367 767 1432 820 1457
1461 785 1478 820 a
1506 767 1632 820 studoval

183 873 200 905 v
214 854 408 917 Heidelberku,
428 855 496 907 kdel
516 855 618 923 zapsan
638 872 654 904 v
673 854 788 907 matrice
808 872 843 906 na
868 872 888 907 r.
908 854 976 906 itt-2
993 855 1096 920 (Veith,
1116 854 1219 920 Geiger
1237 871 1254 906 a
1273 854 1338 907 Lier
1356 854 1474 921 uvadeji,
1499 854 1531 906 le
1551 872 1567 904 v
1581 855 1633 905 Tu·

183 941 321 1007 binliach).
342 941 452 1007 Pozdejt
471 941 582 993 odebral
602 960 631 993 se
651 958 687 993 na
706 941 796 992 studie
816 942 852 993 do
871 941 955 1000 Italic,
980 941 1049 993 kdei
1068 941 1201 993 sezntrmil
1221 959 1250 994 se
1270 960 1283 993 s
1300 942 1495 994 Bohuslavem.
1518 941 1569 1008 Byl
1590 941 1633 992 lta·

183 1028 331 1080 novnllrem
352 1028 454 1095 napled
474 1044 490 1077 ν
503 1027 675 1087 Eichstiidtu,
695 1036 788 1094 potom
808 1028 896 1094 (latre)
914 1027 976 1080 take
997 1045 1013 1078 v
1025 1027 1201 1094 Augsburliu.
1222 1028 1317 1081 Uml‘el
1335 1046 1356 1080 r.
1377 1029 1452 1080 1523.
1471 1028 1551 1080 Bratr
1567 1027 1634 1094 jeho

183 1114 292 1166 Konrad
312 1113 358 1182 byl
374 1113 420 1180 jen
441 1130 458 1164 o
477 1114 550 1165 malo
571 1113 677 1176 mladst,
696 1113 782 1166 nebot
806 1113 843 1179 jtt
868 1131 888 1167 r.
912 1112 976 1164 itta
995 1114 1121 1181 objevuje
1147 1132 1176 1166 se
1196 1114 1341 1168 vmatrice
1360 1114 1559 1167 Heidelberslu'e
1578 1117 1634 1178 (ne.

183 1202 258 1253 mohl
277 1219 306 1253 se
325 1201 400 1253 tudli
419 1200 536 1252 naroditi
556 1200 587 1252 al
606 1218 627 1252 r.
649 1200 722 1263 1166,
742 1200 789 1267 jak
807 1199 873 1252 Lier
891 1217 907 1251 a
927 1201 1029 1268 Geiger
1054 1201 1180 1269 udavaji).
1212 1202 1344 1255 Studoval
1369 1202 1431 1255 take
1457 1219 1490 1253 ve
1515 1203 1631 1253 Ferrale

182 1289 260 1356 spolu
280 1288 492 1340 sBohuslavem
513 1287 520 1338 i
540 1288 592 1339 stal
611 1305 640 1339 se
659 1287 721 1339 take
741 1287 926 1340 lianovniltem
946 1304 963 1336 v
976 1287 1141 1341 Eichstiidtu
1160 1305 1176 1340 a
1195 1287 1368 1353 Augsburku.

269 1393 376 1459 (Srovn.
396 1390 487 1443 Veitli.
502 1390 676 1443 Bibliotheca
694 1392 864 1457 Augustana,
884 1391 991 1459 Alphab
1013 1392 1053 1454 ΙΙ.,
1072 1392 1213 1459 Augustae
1227 1392 1308 1445 Vind.
1323 1391 1397 1455 litlb',
1416 1402 1512 1461 potem
1526 1392 1630 1458 Geiger

184 1497 201 1529 v
219 1478 336 1544 Allgem.
355 1477 496 1530 Deutsclie
514 1477 689 1545 Biographie,
709 1479 818 1545 posleze
832 1478 897 1530 Lier
916 1496 932 1528 v
945 1478 1106 1532 Zeitschritt
1125 1480 1150 1532 d.
1169 1479 1264 1532 histor.
1283 1479 1399 1532 Vereins
1418 1479 1461 1532 fiir
1474 1478 1631 1532 Srhwaben

185 1567 250 1627 Vll,
269 1573 315 1618 str.
334 1564 387 1631 tur.)

890 1868 936 1929 123.

511 2022 730 2096 Bohuslav
759 2024 961 2096 Konradu
991 2022 1315 2096 Adelmannovi.

268 2210 345 2276 (1488
364 2240 396 2247 -
416 2225 451 2266 na
469 2209 604 2276 altitultu.)
624 2213 728 2279 Dekuje
748 2230 780 2266 za
799 2213 936 2281 platelslty'
956 2211 1043 2280 dopis,
1066 2210 1148 2277 jehol
1167 2229 1197 2264 se
1217 2210 1343 2271 nenadal,
1363 2227 1379 2262 a
1398 2210 1493 2264 literali
1513 2213 1630 2277 potesen

181 2297 236 2364 jest
254 2297 373 2367 zpravou
392 2313 408 2349 o
427 2297 558 2350 dosazenl
578 2298 709 2352 oldricha
727 2298 966 2366 zFreundsberga
983 2315 1019 2350 na
1032 2298 1182 2366 biskupsky'
1201 2299 1289 2351 stolec
1308 2296 1483 2364 Tridentsky'.
1502 2279 1541 2348 Ze
1560 2296 1636 2348 bratr

184 2384 325 2437 Bernhard
345 2401 378 2436 za
396 2383 522 2450 ptleinou
541 2384 625 2437 studil
644 2385 834 2452 filosoficky'ch
848 2386 929 2452 vydal
950 2402 979 2436 se
998 2385 1034 2436 do
1048 2384 1144 2445 Gallie,
1163 2383 1260 2452 pisatel
1275 2383 1359 2449 lituje,
1379 2383 1421 2435 ale
1435 2383 1565 2436 niemene
1584 2400 1630 2450 po·

185 2471 278 2523 elnani
298 2479 326 2523 to
345 2471 446 2523 chvau.
464 2471 544 2537 (Luc.
562 2472 615 2538 61.)

271 2663 424 2728 Conrado
448 2664 653 2726 Adelmanno
677 2687 699 2727 s.
724 2666 755 2728 d.
780 2666 936 2727 Redditae
956 2678 1029 2727 sunt
1053 2666 1126 2726 mihi
1142 2667 1202 2727 abs
1221 2678 1252 2726 te
1269 2667 1376 2726 literae
1399 2664 1514 2744 plenae
1530 2663 1634 2736 studii,

186 2769 280 2830 officii
304 2780 335 2831 et
360 2780 433 2830 tuae
457 2772 486 2829 in
511 2787 563 2828 me
587 2769 835 2843 benevolentiae,
858 2772 974 2851 quibus
998 2770 1044 2852 (ut
1061 2771 1118 2830 tibi
1134 2781 1244 2848 aperte
1261 2766 1371 2850 fatear)
1394 2770 1477 2829 varie
1501 2766 1636 2828 affectus

187 2893 266 2935 sum.
290 2872 468 2934 iucundum
492 2874 575 2932 enim
599 2887 665 2935 erat
688 2893 885 2955 cognoscere
905 2874 1035 2934 llulrico
1059 2893 1133 2933 meo
1157 2873 1289 2954 dignum
1312 2876 1425 2934 virtute
1448 2891 1506 2932 sua
1528 2871 1636 2932 locum

187 2978 351 3059 obtigisse3
387 2976 444 3038 sed
476 2978 611 3039 moleste
633 2978 689 3038 tuli
713 2978 840 3038 fratrem
871 2990 970 3051 tuum,
993 2982 1092 3038 virum
1125 2979 1282 3055 optimum
1307 2991 1338 3037 et
1369 2978 1432 3037 mei
1455 2977 1549 3037 unice
1572 2988 1636 3038 stu·

187 3082 322 3154 diosum,
351 3082 382 3141 in
412 3078 548 3141 Galliam
579 3085 755 3152 secessisse,
786 3085 876 3143 cuius
906 3101 968 3163 ego
998 3081 1083 3142 lateri
1116 3079 1279 3162 (quoniam
1311 3098 1476 3159 nunquam
1506 3079 1637 3139 alicuius

188 3184 420 3247 consuetudine
443 3201 475 3246 et
498 3185 705 3247 familiaritate
727 3205 830 3266 aeque
850 3186 1025 3247 delectatus
1047 3182 1133 3265 sum)
1157 3204 1283 3264 semper
1303 3185 1431 3245 haerere
1454 3183 1636 3244 voluissem.

189 3289 303 3369 Neque
326 3301 433 3350 tamen
458 3289 657 3367 reprehendo
680 3289 845 3351 consilium
873 3289 1016 3362 hominis,
1041 3288 1098 3349 sed
1122 3288 1218 3351 laudo
1242 3299 1272 3350 et
1289 3288 1430 3349 admiror
1451 3289 1638 3368 gravitatem

187 3407 218 3455 et
242 3394 463 3464 constantiam,
495 3393 584 3473 quod
615 3412 675 3454 nee
702 3392 819 3454 deliciis
849 3393 964 3455 abduci
997 3413 1055 3454 nec
1086 3393 1249 3455 laboribus
1279 3413 1298 3452 a
1328 3391 1435 3453 studio
1465 3391 1638 3470 sapientiae

188 3497 336 3558 deterreri
359 3509 474 3576 potest,
498 3497 761 3576 quandoquidem
786 3497 847 3557 hoc
871 3508 1015 3577 tempore
1039 3496 1161 3579 (nescio
1181 3517 1246 3577 quo
1266 3493 1344 3577 sato)
1367 3495 1499 3556 virtutes
1522 3493 1639 3554 cedant

189 3601 405 3680 voluptatibus
428 3612 459 3660 et
482 3598 609 3677 Epicuri
638 3599 748 3661 schola
771 3600 875 3660 verbis
903 3601 1033 3681 quidem
1058 3603 1099 3662 ab
1123 3603 1274 3663 omnibus
1300 3601 1475 3682 gymnasiis
1504 3598 1639 3676 explosa

189 3706 235 3777 sit,
259 3705 403 3764 moribus
426 3716 533 3764 autem
558 3706 675 3782 passim
699 3706 859 3781 probetur.
883 3703 918 3764 ld
941 3724 1015 3765 cum
1039 3706 1122 3766 fratri
1146 3717 1203 3767 tuo
1222 3704 1401 3766 admodum
1424 3703 1639 3781 perniciosum

189 3808 356 3879 videretur,
385 3808 494 3869 maluit
523 3809 643 3869 virtutis
665 3809 765 3890 gratia
796 3810 903 3869 omnia
934 3811 1066 3886 experiri
1100 3829 1197 3889 quam
1220 3811 1251 3870 in
1275 3810 1375 3887 patria
1402 3826 1460 3886 per
1483 3809 1586 3869 otium
1608 3818 1640 3867 et

190 3912 387 3990 voluptatem
411 3911 562 3972 diffluere.
588 3910 700 3991 Neque
724 3912 913 3985 dubitarem,
937 3915 961 3973 si
980 3913 1054 3972 milii
1078 3933 1119 3973 ex
1139 3915 1234 3974 animi
1257 3914 1387 3973 arbitrio
1402 3913 1505 3972 vivere
1527 3911 1640 3983 liceret,

191 4034 299 4077 secum
323 4034 388 4076 non
411 4013 530 4076 Gallias
553 4014 658 4075 solum
690 4015 746 4075 sed
770 4018 865 4076 etiam
891 4028 959 4077 toto
990 4016 1108 4078 divisos
1139 4019 1218 4078 orbe
1242 4015 1411 4077 Britannos
1441 4027 1472 4076 et
1496 4014 1639 4076 ultimam

190 4118 316 4180 Thulen
339 4119 433 4179 adire.
458 4117 679 4197 Quamobrem
703 4139 820 4192 vereor,
840 4139 880 4180 ne
903 4121 1033 4182 huiusce
1051 4120 1137 4181 modi
1161 4121 1391 4200 profectionem
1415 4138 1508 4182 suam
1533 4118 1641 4180 dolere

191 4221 285 4283 invidi
312 4225 349 4284 sit
381 4225 487 4300 potius
517 4242 616 4301 quam
644 4226 743 4283 amici.
781 4222 932 4285 Solantur
962 4244 1013 4284 me
1043 4225 1138 4285 etiam
1170 4225 1276 4285 literae
1300 4236 1381 4295 tuae,
1413 4224 1532 4302 quibus
1566 4222 1640 4282 mihi

190 4345 321 4387 omnem
345 4345 478 4403 operam
500 4326 583 4387 adeo
613 4327 779 4388 liberaliter
811 4328 973 4404 polliceris,
1005 4340 1040 4389 ut
1063 4348 1114 4389 me
1138 4329 1216 4388 haec
1248 4328 1407 4409 legentem
1437 4327 1642 4407 nescioquis

192 4443 305 4509 stupor
327 4429 497 4491 invaderet.
522 4430 636 4510 Neque
651 4434 735 4492 enim
759 4431 957 4505 familiaritas,
981 4452 1064 4513 quae
1087 4436 1167 4493 inter
1190 4452 1249 4492 nos
1272 4432 1435 4492 Ferrariae
1459 4431 1526 4505 tuit,
1550 4449 1643 4509 spem

192 4534 267 4595 mihi
291 4534 453 4606 afferebat,
477 4546 511 4594 ut
535 4553 586 4594 me
609 4543 698 4596 tanto
729 4537 787 4596 abs
810 4547 842 4596 te
864 4535 980 4598 aflectu
1009 4536 1214 4616 complexum
1237 4549 1393 4616 putarem.
1424 4534 1537 4615 ltaque
1560 4534 1645 4595 hanc

192 4650 281 4699 tuam
304 4657 379 4718 erga
399 4656 450 4696 me
474 4637 703 4699 humanitatem
720 4639 847 4699 mirifice
871 4642 975 4718 probo
992 4652 1023 4701 et
1041 4644 1070 4701 in
1094 4651 1206 4718 pectus
1221 4660 1330 4701 meum
1355 4639 1482 4718 penitus
1497 4638 1645 4714 admitto,

193 4762 309 4820 nempe
332 4762 396 4822 qua
419 4760 471 4802 me
494 4743 548 4802 tibi
572 4755 729 4821 perpetuo
753 4745 932 4805 obnoxium
957 4745 1129 4805 reddidisti.
1156 4745 1243 4805 Vale.

280 4946 416 5012 Zmlneny
437 4946 548 4997 Oldtich
574 4946 819 5013 zFreundsberga
843 4947 923 5014 byval
948 4966 980 5000 ve
1004 4949 1116 5001 Ferrale
1142 4949 1318 5017 spoluiakem
1343 4949 1582 5016 Bohuslavovy'm,
1598 4947 1647 5015 jak

194 5034 303 5100 vysvitai
322 5033 414 5083 zlistu
433 5034 457 5092 2¹,
485 5041 578 5098 potum
598 5034 649 5084 stal
670 5051 699 5084 se
719 5034 902 5087 tanovnttem
922 5053 939 5086 v
958 5035 1120 5103 Augspurltu
1149 5037 1233 5101 (Mon.
1259 5035 1345 5088 Boica
1363 5035 1416 5103 ut),
1443 5036 1572 5088 koneene
1591 5036 1648 5088 dne

194 5121 236 5171 30.
255 5120 310 5171 zali
334 5119 398 5170 ttutt
416 5118 559 5185 biskupcm
579 5120 774 5186 Tridentslq'm
794 5123 898 5186 (Gams,
918 5121 1009 5174 Series
1028 5123 1131 5189 episc.).
1151 5123 1242 5174 Odtud
1263 5122 1382 5190 vyplrva
1400 5122 1516 5173 vroeenl
1536 5122 1649 5174 nabebo

196 5207 267 5265 listu,
287 5205 404 5257 ant-hol,
424 5205 569 5257 (lovida'tme
589 5224 618 5257 se
638 5207 708 5265 take,
733 5209 763 5259 le
783 5208 905 5259 adressat
925 5208 1050 5260 studoval
1076 5225 1108 5260 ve
1130 5210 1240 5260 Ferrale
1260 5210 1396 5260 soueasne
1416 5208 1648 5262 sBohuslavem.

196 5295 293 5345 Srovn.
313 5292 468 5360 poznAmku
488 5292 579 5345 klistu
599 5293 779 5361 pledeslemu.
