3660 5850
186 376 236 428 112
860 369 958 432 1500.

185 587 226 648 ad
249 588 373 649 criticos
395 589 514 661 attinet,
545 606 610 648 non
633 598 681 648 est
703 606 760 648 cur
782 597 952 667 propterea
982 586 1160 647 barbariem
1190 594 1333 646 nostram
1362 602 1509 645 accuses:
1533 585 1627 645 maior

184 694 334 767 enimes,
358 710 457 770 quarn
486 701 521 752 ut
548 692 606 753 tibi
636 691 699 753 hoc
726 709 827 773 genus
857 690 1024 752 hominum
1054 700 1108 751 aut
1137 685 1428 768 pertimescendum
1455 696 1513 750 aut
1533 688 1629 767 inqui·

185 795 319 858 rendum
350 797 397 857 sit,
436 794 598 856 Ilomerus
621 805 707 857 certe
732 796 828 856 etiam
851 796 918 855 sine
940 791 1124 856 Aristarcho
1147 810 1284 874 magnus
1306 791 1426 854 luisset
1463 788 1629 853 Caeterum

185 910 240 962 aut
262 919 324 982 ego
340 899 438 972 fallor,
461 908 516 960 aut
531 898 710 961 destitueris
725 898 856 960 forsitan
871 919 890 959 a
906 918 1011 973 causa,
1034 908 1133 977 atque
1148 895 1221 959 ideo
1236 895 1365 959 aliunde
1380 895 1630 975 qualemcunque

184 1023 281 1084 opem
306 1003 477 1076 mendicas,
501 1001 557 1063 sed
581 1020 687 1081 neque
709 1004 754 1064 sic
777 1014 891 1075 aratro,
914 1013 949 1063 ut
972 1003 1002 1063 in
1026 1001 1224 1065 Graecorum
1248 1000 1418 1079 proverbio
1440 1012 1498 1073 est,
1520 999 1631 1061 iacula-

185 1111 268 1171 beris
300 1108 390 1169 Multi
414 1108 500 1168 enim
523 1106 731 1168 laudaverunt
754 1105 945 1180 Busiridem;
969 1104 1118 1169 Socrates
1139 1103 1227 1185 apud
1250 1102 1503 1184 Aristophanem
1525 1102 1632 1183 pulicis

184 1214 300 1275 saltum
323 1215 467 1285 metitur;
499 1210 591 1272 illaro
615 1230 746 1292 quoque
769 1222 886 1283 noster,
916 1221 950 1272 ut
978 1229 1072 1271 ranas
1095 1227 1266 1290 muresque
1295 1220 1503 1288 praeteream,
1529 1226 1565 1267 se
1593 1206 1632 1268 ad

185 1315 325 1380 Culicem
357 1316 508 1377 demittit:
539 1335 643 1395 neque
667 1326 773 1377 tamen
797 1317 828 1376 in
851 1314 899 1376 his
922 1314 1085 1376 doctrinae
1114 1325 1147 1376 et
1169 1314 1373 1392 eloquentiae
1395 1312 1497 1393 gloria
1519 1322 1631 1373 carent

184 1420 301 1483 Scribis
323 1432 355 1482 te
378 1437 574 1503 magnopere
602 1422 814 1498 praesentiam
844 1437 949 1479 meam
981 1418 1196 1497 iudiciumque
1219 1429 1383 1499 expetere:
1412 1415 1444 1478 id
1467 1436 1530 1499 ego
1552 1419 1632 1477 varie

185 1526 315 1603 accipio.
338 1522 483 1585 Alterum
506 1525 599 1598 euim,
626 1525 701 1602 quia
723 1524 878 1585 amicitiae
900 1533 958 1597 est,
988 1522 1118 1584 mirifice
1148 1541 1200 1583 me
1230 1520 1376 1596 delectat,
1406 1519 1542 1583 alterurn
1570 1539 1631 1601 quo

186 1631 315 1689 nominc
337 1627 506 1706 appellem,
529 1626 645 1689 nescio.
676 1625 853 1705 Quomodo
877 1629 961 1687 enirn
984 1626 1149 1706 displicere
1170 1628 1303 1706 possint,
1326 1644 1410 1706 quae
1432 1644 1485 1686 me
1507 1627 1632 1687 immor·

186 1731 283 1792 talem
305 1732 425 1793 lactura
447 1731 539 1792 sunt?
562 1730 677 1811 Neque
700 1731 783 1792 aliud
807 1741 891 1791 esset
914 1730 1112 1792 Bohuslaum
1135 1749 1303 1793 censorem
1325 1729 1416 1792 Balbi
1437 1748 1517 1801 esse,
1540 1747 1632 1809 quam

186 1834 344 1896 Achillem
366 1833 531 1895 Thersitae
554 1835 650 1894 armis
673 1832 806 1906 delendi,
837 1844 868 1895 et
891 1830 1048 1895 Croesum
1071 1836 1113 1897 ab
1136 1834 1188 1897 lro
1210 1836 1324 1914 stipem
1347 1845 1471 1913 petere;
1499 1852 1567 1913 quo
1594 1831 1631 1907 fit

187 1952 221 2002 ut
244 1939 467 2004 mathematica
490 1938 541 1999 illa
564 1940 721 2017 principia,
753 1938 869 2018 quibus
892 1938 976 1999 adeo
1002 1937 1145 2011 confidis,
1177 1941 1229 2000 vix
1252 1938 1375 2001 stabilia
1396 1938 1468 2012 sint,
1498 1947 1531 1998 et
1554 1938 1633 2018 quic·

187 2043 264 2125 quid
287 2063 329 2104 ex
351 2042 399 2104 his
422 2041 570 2113 intuleris,
594 2053 672 2104 ruat
696 2042 790 2104 Ludo
814 2054 929 2116 tecum,
952 2045 1106 2122 quoniam
1129 2044 1189 2104 abs
1211 2054 1243 2105 te
1265 2042 1307 2104 ad
1323 2042 1428 2104 lusum
1443 2053 1634 2123 provocatus

185 2168 264 2210 sum.
289 2147 376 2209 Malo
399 2150 483 2209 enim
507 2150 548 2208 ita
572 2147 613 2207 de
635 2146 792 2220 laudibus,
825 2167 905 2227 quas
928 2147 1003 2208 mihi
1026 2148 1143 2220 tribuis,
1173 2149 1298 2221 sentire,
1325 2166 1423 2228 quarn
1446 2145 1566 2208 irrideri
1587 2164 1634 2206 me

184 2265 308 2332 putare:
335 2271 440 2331 neque
463 2263 571 2312 tamen
595 2253 674 2312 inter
698 2250 873 2312 ludendum
896 2250 1037 2313 libellum
1060 2261 1152 2313 tuum
1175 2253 1288 2313 minori
1310 2250 1470 2313 desiderio
1493 2263 1635 2331 expecto,

183 2360 259 2436 quin
283 2358 378 2437 cupio
403 2376 500 2436 quam
524 2358 662 2435 primum
685 2355 727 2416 ad
752 2374 803 2416 me
826 2357 915 2431 mitti,
945 2369 980 2418 ut
1008 2357 1096 2417 vivus
1119 2355 1264 2417 mendaci
1286 2354 1400 2416 saltem
1421 2355 1526 2437 gloria
1548 2355 1635 2429 fruar,

183 2472 214 2523 et
229 2474 286 2523 tuo
302 2460 407 2522 studio
425 2461 550 2540 tuisque
572 2458 847 2522 lucubrationibus
870 2479 926 2540 per
949 2481 1006 2522 ora
1029 2462 1130 2523 virtlm
1154 2461 1292 2522 volitem.
1316 2459 1451 2543 Pragam
1474 2463 1562 2522 enim
1578 2461 1636 2522 hoc

185 2576 330 2644 tempore
353 2562 509 2644 proficisci
532 2565 661 2624 minime
691 2563 767 2624 mihi
791 2582 848 2642 per
870 2564 987 2626 multas
1018 2565 1247 2644 occupationes
1276 2564 1358 2628 licet.
1396 2563 1490 2641 Vale,
1519 2567 1636 2646 optime

188 2668 393 2746 Hieronyme,
424 2679 454 2729 et
485 2670 515 2728 in
539 2670 703 2729 montibus
734 2667 850 2729 nostris
872 2670 940 2731 sine
967 2667 1030 2729 ulla
1054 2668 1253 2731 dubitatione
1276 2672 1422 2731 omnium
1443 2668 1637 2755 doctissime.

187 2769 286 2833 Anno
309 2769 422 2834 Christi
451 2772 532 2835 1500
554 2771 666 2834 ultima
687 2771 897 2852 Septembris.

275 2958 337 3028 Spis
356 2960 406 3012 zde
426 2959 540 3028 mineny
557 2958 611 3027 jest
628 2959 776 3012 rozvladnk
794 2976 811 3011 a
828 2958 914 3028 misty
932 2960 995 3012 dost
1018 2959 1193 3029 suehopltrnk
1217 2960 1348 3029 elogium,
1367 2960 1444 3015 ltere
1462 2960 1541 3015 Mitis
1559 2960 1637 3015 otislrl

188 3064 205 3098 v
223 3046 366 3115 Appendix
384 3053 542 3114 poematum
561 3045 707 3100 utu-356.
735 3046 838 3100 Kteralr
857 3047 1013 3116 pochvalnlt
1032 3055 1090 3102 tato
1108 3047 1195 3101 bilsell
1218 3065 1254 3102 na
1271 3048 1376 3118 vsecky
1392 3049 1480 3102 vlade
1499 3047 1637 3118 pflznivce

188 3133 312 3202 Balbovy
331 3134 468 3202 piltomne
488 3133 496 3186 i
515 3133 635 3187 budoucl
654 3134 813 3187 Bohuslava
831 3135 904 3188 mallo
923 3135 1040 3203 potesila
1058 3135 1184 3204 (vytyktt
1202 3152 1248 3188 mu
1267 3134 1366 3188 basnllr
1383 3136 1494 3189 nevdelr
1512 3136 1638 3204 kvtasti),

188 3220 314 3288 dolrazujl
336 3221 438 3274 mnohe
458 3219 525 3288 jeho
543 3221 724 3290 epigrammy.
752 3223 796 3274 Do
814 3223 906 3292 Prahy
925 3222 1008 3291 plisel
1026 3221 1129 3275 Balbus
1147 3240 1164 3274 v
1184 3223 1236 3276 lete
1257 3222 1333 3287 1499,
1349 3222 1396 3291 jak
1414 3223 1526 3292 vysvltlt
1543 3240 1561 3277 z
1578 3223 1639 3277 listtt

189 3295 338 3361 Slechtova
356 3308 568 3377 lrSigmundovi
587 3308 711 3378 zJelenl,
728 3310 828 3362 hlavne
846 3309 1012 3379 plidinenlm
1026 3296 1215 3379 Slechtovym.
1234 3310 1305 3378 Bylo
1323 3328 1370 3363 mu
1383 3310 1450 3364 ueiti
1463 3310 1638 3380 disciplinAm

189 3395 424 3464 humanisticlrym
443 3414 460 3449 a
478 3396 666 3465 prevnictqm,
687 3396 695 3449 i
713 3398 832 3449 zaruden
852 3414 898 3450 mu
918 3398 974 3466 plat
991 3413 1007 3449 z
1025 3398 1155 3451 duchodb
1179 3398 1371 3467 kralovslrych.
1398 3385 1459 3451 Ceti
1478 3399 1529 3467 pry
1547 3404 1637 3468 potom

189 3500 225 3536 na
243 3483 393 3536 universite
414 3483 538 3552 »publice
558 3492 585 3536 et
603 3483 735 3551 private«.
763 3483 823 3536 Tak
841 3484 918 3553 pravl
937 3471 1064 3538 Slechta:
1090 3501 1137 3553 my
1152 3484 1223 3553 jsme
1245 3492 1369 3538 otomto
1387 3485 1547 3554 vyueovsnt
1565 3502 1584 3537 v
1600 3485 1639 3539 zl-

189 3570 303 3638 piskach
318 3571 521 3623 universitnlch
539 3571 692 3624 neshledali
712 3570 821 3624 nideho.
841 3571 958 3625 Hledlce
977 3572 1072 3624 kdatu
1086 3572 1216 3625 Mitisovu
1236 3572 1354 3635 musltne
1373 3573 1501 3626 konednd
1513 3571 1638 3644 vysloviti

189 3657 328 3724 podiveni,
347 3658 490 3727 ponevadl
509 3659 591 3726 prave
610 3657 649 3710 30.
672 3659 728 3711 zalll
742 3658 818 3721 1500,
838 3658 892 3728 kdy
910 3658 1051 3711 Bohuslav
1070 3660 1151 3727 podle
1170 3659 1234 3712 listu
1253 3660 1366 3713 nemohl
1384 3659 1469 3729 prijtti
1489 3662 1526 3714 do
1545 3662 1638 3729 Prahy,

189 3744 305 3812 zahajen
324 3763 341 3796 v
360 3746 446 3797 Praze
465 3748 553 3808 sndm,
573 3762 609 3797 na
627 3745 708 3798 nemi
735 3745 805 3798 mezi
828 3745 926 3814 jiny'mi
947 3747 1087 3799 Bohuslav
1111 3747 1162 3799 nas
1186 3749 1284 3800 zvolen
1309 3765 1346 3801 na
1364 3748 1496 3801 ohleddnl
1514 3749 1638 3817 ztpisua

190 3831 326 3899 privilegii
346 3831 574 3900 Karisteinslrych
587 3832 719 3901 (Patacty
731 3833 764 3896 V,
777 3833 801 3896 2,
816 3832 867 3900 16).
887 3832 1013 3902 Nejsplse
1029 3832 1085 3901 jest
1102 3835 1186 3887 udlnl
1205 3836 1308 3888 meslce
1327 3852 1345 3888 u
1358 3834 1452 3889 Mitisa
1470 3836 1638 3906 pochybene.

892 4095 942 4161 74.

610 4234 830 4308 Bohuslav
852 4235 962 4329 Janu
992 4213 1218 4310 §lechtovi

279 4407 342 4460 1500
362 4434 394 4443 -
414 4405 458 4461 26.
479 4406 533 4462 list.
559 4406 664 4473 Dekuje
683 4407 766 4470 viele,
785 4407 816 4460 le
838 4424 868 4459 se
888 4407 924 4459 ho
943 4425 960 4458 v
978 4407 1131 4460 zalelitosti
1150 4408 1339 4462 Vratislavslte
1357 4407 1428 4475 proti
1447 4409 1653 4461 velmocnemu

191 4492 259 4543 soku
279 4491 340 4558 ujal,
359 4493 401 4544 ale
421 4492 568 4560 osvedrluje
592 4494 721 4546 skromne
746 4510 814 4546 svou
839 4496 1074 4547 nedostatednost.
1103 4480 1178 4548 luda
1201 4512 1234 4548 za
1252 4495 1346 4563 lrnihy.
1374 4480 1510 4548 Slechtdv
1529 4496 1656 4548 »Mikro-

191 4578 320 4629 kosmus‹
340 4578 371 4630 le
387 4578 458 4645 jeste
479 4579 596 4632 nevidel.
615 4580 694 4646 (Luc.
714 4579 755 4643 7-1,
775 4580 925 4649 Vinaliclry'
943 4581 996 4649 72.)

273 4754 389 4834 Joanui
412 4754 576 4818 Sslechtae
598 4775 622 4816 s
639 4776 667 4834 p.
684 4756 714 4817 d.
737 4753 896 4834 Cuperem
920 4776 1122 4839 magnopere,
1147 4761 1269 4837 optime
1291 4757 1444 4834 Sslechta,
1463 4759 1522 4820 tibi
1546 4773 1652 4838 quam

190 4856 392 4937 amplissimis
414 4860 518 4921 verbis
540 4861 656 4942 gratias
679 4880 781 4942 agere,
804 4860 861 4922 sed
884 4862 1005 4922 obruor
1027 4864 1244 4945 magnitudine
1260 4862 1490 4924 beneficiorum
1506 4874 1646 4929 tuorum.

191 4973 221 5022 et
245 4963 333 5042 quod
358 4965 461 5024 minus
478 4962 615 5038 fortisan,
639 4983 735 5043 quam
752 4976 808 5026 tua
822 4986 898 5049 erga
914 4985 966 5027 me
982 4967 1202 5028 benevolentia
1217 4969 1370 5048 exposcit,
1394 4966 1436 5029 de
1451 4980 1484 5030 te
1501 4971 1645 5031 sentiam,

191 5069 316 5126 tametsi
332 5086 437 5146 neque
452 5066 493 5142 id,
517 5068 605 5147 quod
621 5071 732 5144 sentio,
755 5070 927 5132 commode
943 5071 1102 5148 explicare
1118 5089 1258 5148 possum.
1282 5071 1496 5132 Decreveram
1513 5073 1639 5152 quidem

192 5168 266 5230 olim
291 5190 419 5249 semper
443 5172 581 5233 eundern
613 5185 757 5234 tenorem
788 5177 870 5234 vitae
901 5194 1026 5235 servare
1055 5194 1160 5254 neque
1186 5186 1241 5237 aut
1264 5177 1425 5254 prosperis
1452 5176 1569 5237 elevari
1592 5186 1639 5235 aut

193 5272 337 5334 adversis
360 5275 494 5354 deprimi
519 5277 563 5356 (uid
586 5278 670 5336 enirn
693 5275 742 5336 vel
765 5277 905 5337 maxime
928 5280 1079 5357 sapientis
1102 5282 1132 5339 in
1148 5279 1295 5340 confesso
1311 5276 1381 5362 est),
1404 5278 1462 5340 sed
1478 5281 1637 5341 excussisti
