3660 5850
787 400 878 461 1489.
1528 407 1563 461 21

110 608 197 686 apud
224 622 255 671 te
278 610 326 673 his
357 622 437 686 utor,
468 616 522 693 qui
553 615 595 675 sis
624 618 655 676 in
685 619 816 678 veritate
847 615 1031 677 orthodoxa
1062 615 1277 680 firmissimus?
1314 618 1468 698 Quamvis
1497 639 1563 682 non

109 725 215 776 careat
238 716 380 794 periculo
396 718 543 781 assiduus
558 720 728 794 convictus,
751 722 935 799 praesertim
960 738 1032 780 cum
1057 727 1105 795 fut
1120 719 1195 780 dicit
1210 719 1398 804 apostolus),
1423 724 1562 787 haeresis

110 828 144 879 ut
166 838 279 880 cancer
301 831 415 901 serpat.
439 821 504 885 Sed
529 824 570 886 de
593 825 641 887 his
663 825 826 889 hactenus.
865 824 1042 885 Fridericus
1065 826 1090 885 si
1112 824 1237 900 diutius,
1262 846 1360 905 quam
1383 829 1483 904 vellet,
1507 831 1562 890 ab·

109 921 209 995 fuerit,
233 942 285 984 me
309 926 454 1004 culpato:
488 929 583 989 etiam
607 929 807 992 festinantem
831 929 932 991 redire
962 940 1106 990 moratus
1136 947 1216 989 sum.
1250 928 1350 1009 Atqui
1374 933 1483 1010 accepi
1506 933 1562 994 tibi

109 1044 199 1087 arma
218 1031 329 1107 parari.
354 1029 484 1109 thuid‚
508 1032 663 1094 obsecro?
685 1032 771 1094 Num
788 1045 820 1096 te
836 1033 890 1115 (ne
906 1032 947 1094 de
962 1032 1109 1093 clericatu
1132 1044 1163 1094 et
1175 1033 1342 1095 christiana
1365 1036 1562 1114 professione

108 1127 235 1212 loquar)
258 1132 428 1194 feliciorem
452 1137 484 1197 in
508 1139 603 1197 armis
626 1156 735 1216 speras
759 1137 801 1199 Μ.
825 1135 985 1212 Cicerone,
1009 1139 1099 1198 cuius
1122 1156 1157 1199 es
1180 1137 1373 1216 discipulus?

361 1291 459 1353 Haud
482 1292 564 1353 bene
586 1295 779 1354 conveniunt
802 1313 860 1355 nec
883 1296 915 1355 in
938 1313 1002 1355 una
1025 1293 1102 1355 sede
1126 1305 1292 1356 morantur

362 1396 448 1460 Mars
471 1408 503 1459 et
525 1394 675 1476 Calliope.

195 1550 272 1615 Osi
297 1563 329 1614 te
352 1564 510 1615 armatum
533 1556 674 1615 contueri
699 1555 773 1615 mihi
797 1553 912 1627 liceret,
941 1571 1038 1632 quarn
1062 1565 1097 1615 tu
1119 1553 1194 1614 mihi
1218 1565 1252 1616 ut
1275 1554 1387 1616 studiis
1410 1567 1442 1618 et
1466 1557 1558 1617 bonis

108 1657 229 1718 artibus
253 1659 434 1736 aptissimus
457 1659 499 1718 ita
529 1659 714 1720 militaribus
737 1659 865 1719 insaniis
887 1660 1012 1736 ineptus
1042 1656 1206 1718 videreris!
1245 1655 1310 1720 Sed
1335 1677 1429 1736 parce
1457 1662 1560 1738 impu·

108 1761 235 1824 dentiae
260 1781 358 1825 meae.
383 1761 472 1837 Vale,
496 1773 528 1824 et
551 1782 612 1837 me,
640 1773 674 1824 ut
697 1763 790 1838 soles,
813 1781 895 1823 ama.
934 1760 1105 1839 Utcunque
1135 1780 1202 1821 rem
1232 1762 1437 1838 inchoaveris
1461 1766 1561 1826 moni-

109 1876 224 1946 torum,
248 1885 331 1946 quae
354 1886 374 1927 a
396 1886 448 1927 me
471 1869 591 1947 recipis,
615 1868 756 1929 oblivisci
779 1867 852 1929 noli.
877 1866 994 1929 lterum
1010 1865 1087 1926 vale.
1110 1863 1232 1927 Datum
1246 1864 1440 1947 Argentinae
1456 1867 1559 1930 Nonis

109 1968 272 2031 Februarii
296 1990 381 2031 anno
405 1970 527 2033 domini
552 1970 643 2035 1488.

196 2174 271 2228 Titui
289 2175 383 2243 spislru
403 2176 563 2240 Schottova,
588 2177 666 2245 ktery
690 2177 811 2247 vytilten
836 2195 872 2230 na
890 2175 1089 2244 ndsledujicfch
1114 2175 1180 2229 festi
1206 2176 1305 2229 listech
1331 2175 1487 2245 sebranych
1517 2178 1561 2230 del

105 2262 172 2329 jeho
197 2262 225 2328 (f.
244 2261 366 2330 (to-72),
394 2263 452 2316 znl:
481 2264 523 2317 De
548 2263 699 2317 christiana
723 2264 780 2317 vita
806 2263 950 2317 salubriter
974 2263 1152 2317 instituenda.
1182 2263 1226 2315 Na
1251 2261 1348 2316 kterou
1372 2263 1456 2331 vojnu
1485 2266 1560 2317 chtel

108 2350 249 2401 Bohuslav
269 2349 322 2416 jfti,
342 2348 388 2417 jak
413 2367 449 2403 na
473 2350 554 2403 konei
581 2349 646 2404 listu
665 2351 867 2420 piipomenuto,
886 2350 1009 2412 nevfme;
1035 2350 1104 2403 snad
1132 2366 1168 2402 na
1195 2348 1278 2416 vojnu
1306 2349 1439 2403 Slezskou
1458 2352 1560 2419 (srovn.

108 2436 229 2505 Palaclry¹
248 2437 281 2500 V,
303 2437 327 2500 l,
345 2435 414 2504 283).

808 2704 859 2766 20.

337 2856 558 2929 Bohuslav
586 2856 765 2930 Pavlovi
790 2866 918 2951 opatu
948 2854 1332 2931 Grunhainskemu.

194 3045 229 3113 (Ζ
249 3044 335 3117 Pralty
354 3045 455 3114 14881)
486 3031 525 3100 Ze
543 3047 617 3099 ehtel
637 3064 667 3099 se
692 3047 813 3099 knemu
840 3045 934 3115 vydati
961 3045 1093 3112 ojakous
1117 3062 1226 3114 pomoc,
1251 3046 1294 3098 ale
1317 3046 1434 3099 nemilie
1459 3046 1560 3100 dostati

105 3134 257 3198 dovolen63
275 3133 351 3187 tudtt
369 3135 458 3202 posfla
476 3132 568 3187 bratra
586 3134 672 3187 sveho
692 3151 708 3187 a
727 3134 800 3202 prosi
819 3150 852 3186 za
870 3133 1000 3202 vyplnenl
1020 3133 1107 3185 sveho
1125 3133 1212 3201 pianf.
1232 3133 1315 3199 (Luc.
1333 3132 1386 3200 55.)

193 3328 375 3389 Venerabili
399 3331 480 3407 patri
504 3329 602 3390 Paulo
625 3330 734 3391 abbati
758 3332 787 3391 in
811 3327 1001 3408 Grynheym
1024 3349 1047 3389 s.
1071 3347 1100 3407 p.
1125 3328 1154 3389 d.
1193 3326 1371 3406 Cupiebam
1394 3329 1457 3390 hoc
1480 3342 1559 3391 tem-

104 3451 193 3511 pore,
217 3432 397 3493 venerande
426 3444 524 3511 atque
548 3435 669 3512 optime
700 3445 797 3511 pater,
821 3432 862 3493 ad
885 3444 916 3495 te
939 3432 1093 3512 proficisci
1122 3443 1154 3494 et
1177 3432 1330 3493 auxilium
1360 3433 1419 3493 abs
1442 3444 1473 3495 te
1497 3453 1557 3512 pro

104 3547 214 3596 nostra
236 3537 340 3609 veteri,
364 3539 645 3617 quantulacunque
669 3537 799 3598 tandem
823 3557 862 3598 ea
885 3549 940 3611 est,
968 3537 1175 3599 familiaritate
1198 3548 1366 3616 expetere:
1397 3547 1558 3599 caeterum

102 3659 169 3701 non
192 3643 281 3720 potui
304 3643 429 3702 veniam
452 3642 592 3704 abeundi
614 3643 656 3702 ab
680 3641 888 3703 illustrissimo
913 3641 1047 3702 domino
1071 3660 1145 3702 meo
1170 3642 1321 3703 obtinere.
1357 3639 1433 3702 ldeo
1456 3661 1554 3724 nego·

102 3747 194 3820 tium,
215 3745 305 3825 quod
322 3749 389 3825 ipse
405 3765 500 3828 agere
516 3749 720 3820 institueram,
737 3747 820 3807 fratri
837 3765 911 3806 meo
926 3743 1009 3819 dedi,
1033 3747 1088 3825 qui
1103 3745 1256 3825 quicquid
1273 3756 1379 3806 tecum
1395 3745 1553 3825 loquetur,

101 3851 145 3911 ita
168 3850 260 3911 velim
283 3853 428 3930 accipias,
452 3864 607 3932 tanquam
630 3871 648 3911 a
673 3870 724 3911 me
747 3849 831 3911 dicta
854 3852 924 3911 sint.
962 3849 1121 3911 Petiturus
1151 3852 1237 3910 enim
1260 3861 1308 3910 est
1339 3850 1394 3911 tibi
1417 3850 1559 3928 quidem,

99 3965 134 4016 ut
158 3974 220 4035 ego
243 3956 385 4028 arbitror,
416 3955 524 4028 facilia,
555 3954 612 4016 sed
636 3974 719 4033 quae
749 3955 824 4016 mibi
847 3954 930 4016 adeo
953 3967 1042 4037 grata
1065 3965 1263 4035 acceptaque
1297 3964 1396 4027 erunt,
1421 3965 1454 4014 ut
1478 3953 1553 4016 nihil

100 4061 233 4119 omnino
263 4061 311 4128 sit,
343 4079 409 4138 quo
433 4079 485 4120 me
515 4061 569 4120 tibi
601 4061 863 4137 monasterioque
893 4070 951 4121 tuo
980 4061 1082 4141 magis
1104 4059 1262 4120 devincire
1290 4068 1387 4136 atque
1411 4057 1553 4139 obligare

98 4163 212 4239 possis.
247 4162 349 4224 lllulta
372 4164 503 4241 quidem
527 4167 605 4226 inter
627 4163 911 4243 Grynhaymenses
934 4164 1069 4225 abbates
1092 4174 1124 4225 et
1152 4165 1289 4224 maiores
1320 4174 1448 4223 nostros
1472 4163 1555 4224 ultro

98 4268 242 4346 citroque
264 4267 381 4330 collata
404 4267 558 4329 beneficia
580 4278 661 4343 sunt,
692 4281 724 4330 at
754 4288 791 4329 ea
822 4270 930 4329 omnia
960 4287 1026 4329 non
1057 4268 1162 4329 solum
1193 4277 1345 4328 renovata
1375 4266 1553 4328 sedetiam

99 4382 195 4432 aucta
216 4371 347 4450 putabo,
371 4374 397 4433 si
418 4371 575 4433 desiderio
603 4391 678 4433 meo
708 4390 832 4434 morem
855 4374 990 4453 gesseris
1020 4382 1052 4433 et
1075 4373 1148 4434 huic
1171 4390 1244 4432 meo
1275 4371 1412 4432 honesto
1435 4369 1547 4433 saluta·

99 4478 190 4555 rique
212 4477 380 4556 proposito
404 4495 501 4556 opem
525 4475 639 4538 tuleris.
663 4477 753 4538 Vale.

188 4680 250 4734 List
268 4688 347 4734 tento
366 4683 436 4750 psftn
452 4681 507 4749 jest
525 4681 635 4749 ziejme,
653 4681 724 4749 lrdyi
740 4680 778 4748 jil
795 4681 936 4734 Bohuslav
955 4680 1001 4749 byl
1019 4698 1053 4733 ve
1072 4679 1167 4733 sluibe
1186 4680 1311 4742 dvorslre,
1332 4680 1428 4732 kterou
1446 4682 1554 4734 nesmel

99 4766 152 4819 bez
170 4767 300 4820 dovoleni
319 4769 484 4822 liancleiova
503 4769 567 4835 (neb
586 4770 707 4834 lrralova)
735 4768 857 4836 opustiti.
888 4769 971 4820 Proto
989 4768 1040 4820 zda
1063 4785 1093 4819 se
1114 4768 1177 4819 nfm
1203 4768 1316 4819 vrocenf
1336 4766 1404 4818 1489
1422 4767 1552 4833 nejvhod-

99 4853 209 4920 nejsIm.
228 4852 332 4908 Vlistu
350 4857 445 4909 mlnen
464 4856 565 4909 klaster
584 4855 768 4924 cistercidcky'
787 4854 979 4907 vGriinhainu
999 4872 1016 4905 v
1035 4853 1117 4907 lffsni
1143 4870 1179 4906 na
1197 4854 1314 4921 samych
1339 4853 1483 4906 branicich
1510 4855 1554 4907 de.

98 4940 196 5009 sky'cb.
215 4941 348 4995 adressat
366 4943 417 4995 slul
435 4943 525 5010 cely'm
542 4942 665 5009 jmenem
679 4944 762 4994 Pavel
777 4943 968 5007 Morgenstern
982 4944 1083 5007 (srovn.
1098 4941 1196 5001 Haase,
1210 4940 1313 4992 Gesch.
1327 4941 1352 4993 d.
1366 4940 1550 4992 sachsischen

97 5026 217 5090 Kldster,
238 5028 331 5082 Gotba
350 5028 418 5081 1888
436 5038 482 5083 str.
503 5030 560 5092 138,
585 5029 654 5082 kdei
672 5030 764 5081 udanu
790 5028 857 5079 beze
877 5027 963 5080 vseho
987 5026 1106 5079 dokladu
1130 5027 1225 5079 datum
1245 5025 1309 5078 listu
1337 5027 1404 5079 toho
1423 5044 1445 5078 r.
1465 5025 1553 5090 1181)·
