3696 5836
873 110 965 172 1506.

887 361 958 426 121.

494 499 713 575 Bohuslav
741 500 991 574 Bernhardu
1020 498 1345 573 Adelmannovi.

279 672 301 728 Ζ
321 670 476 730 Ηιείᾶίοίπε
494 673 587 740 (1506)
601 702 633 710 -
646 673 691 728 28.
711 674 802 730 (inerti.
833 669 1092 740 Potvrzujepiijetl
1117 671 1181 724 listu
1206 688 1222 724 a
1244 671 1353 724 ndvodu
1373 671 1390 723 k
1408 672 1541 725 hotovenl
1559 671 1644 727 hodin

193 759 202 811 i
220 759 352 813 omlouva
364 777 403 820 se.
416 758 448 812 ie
461 759 602 828 takovymi
621 759 762 813 hradhami
781 777 812 813 se
831 760 901 813 chce
920 747 1057 828 zaby'vati.
1076 758 1224 811 Ponevadi
1240 775 1300 811 mor
1312 757 1378 821 zuil,
1391 759 1465 826 prosi
1478 760 1645 822 Bernharda‚

194 845 247 914 aby
265 846 353 899 sveho
371 845 464 899 zdravl
488 846 562 914 pilne
586 845 658 900 dbal.
689 831 765 900 dea
784 864 817 900 za
836 847 976 916 vytisteny'
995 847 1079 915 lech)i
1097 846 1205 898 slovnllr
1225 845 1330 898 Suidirv
1355 862 1372 898 a
1395 862 1427 898 za
1445 848 1547 914 zprdvy
1565 864 1582 899 0
1602 846 1646 899 ob·

192 932 291 1001 jevech
311 934 486 1001 Portugalcd.
505 933 585 1002 (Luc.
606 932 654 986 1οῖ
665 936 699 1001 b.)

254 1090 468 1172 ‘Bernhardo
492 1094 552 1174 suo
579 1109 785 1172 Adehnanno
809 1131 832 1172 s.
856 1130 885 1190 p.
910 1109 939 1172 d.
985 1109 1142 1173 Redditae
1173 1120 1247 1173 sunt
1278 1111 1353 1172 mihi
1383 1113 1441 1173 abs
1472 1123 1503 1174 te
1529 1111 1645 1187 literae,

194 1213 308 1275 redditi
331 1226 362 1276 et
385 1212 542 1290 Canones‚
567 1216 685 1296 quibus
708 1215 831 1276 horaria
853 1217 1063 1278 instrumenta
1087 1214 1304 1277 conficiuntur.
1329 1215 1388 1277 His
1411 1235 1472 1299 ego
1493 1217 1645 1278 maiorem

195 1320 226 1379 in
241 1317 378 1380 modum
401 1318 576 1382 delectatus
599 1338 678 1393 sum,
702 1321 980 1399 explevissentque
1004 1339 1120 1401 magna
1144 1330 1289 1399 exparte
1312 1318 1505 1381 desiderium
1530 1339 1646 1391 meum,

195 1424 253 1483 nisi
276 1441 329 1482 me
352 1425 383 1483 in
406 1441 497 1502 spem
521 1424 676 1485 erexisses
699 1435 731 1485 te
753 1423 942 1503 propediem
965 1424 1054 1504 plura
1077 1426 1144 1485 eius
1167 1425 1291 1505 generis
1314 1423 1510 1503 cultioraque
1533 1424 1647 1486 adme

195 1527 375 1589 missurum.
399 1524 458 1589 Cui
490 1529 707 1607 expectationi
739 1547 831 1588 meae
862 1528 966 1590 donec
997 1528 1191 1601 satisfeceris,
1223 1530 1385 1607 quiescere
1415 1546 1480 1589 non
1504 1548 1646 1608 possum.

196 1630 319 1710 Quodsi
347 1632 404 1692 tibi
434 1651 548 1710 parum
579 1650 688 1692 serere
711 1643 742 1693 et
764 1643 948 1694 constanter
974 1651 1069 1713 agere
1098 1632 1216 1705 videor,
1247 1635 1326 1694 scito
1358 1652 1409 1693 me
1437 1633 1581 1695 nondum
1606 1635 1646 1695 ad

196 1754 270 1796 eum
294 1735 516 1815 philosophiae
539 1737 662 1815 apicem
686 1739 875 1815 pervenisse,
898 1756 995 1816 quem
1012 1737 1060 1798 isti
1083 1735 1206 1818 fingunt
1231 1739 1332 1816 magis
1348 1757 1445 1816 quam
1469 1749 1646 1814 praestant;

196 1858 299 1919 neque
331 1859 383 1900 me
412 1839 512 1920 pudet
535 1860 573 1901 ea
595 1860 678 1920 pene
708 1851 822 1915 aetate,
852 1860 935 1921 quae
965 1842 1082 1914 nescio,
1113 1840 1241 1915 discere,
1264 1860 1328 1920 qua
1351 1852 1382 1902 et
1405 1838 1486 1903 Cato
1517 1861 1648 1922 graecas

195 1943 300 2005 literas
316 1944 425 2006 didicit
440 1956 472 2006 et
487 1942 636 2007 Socrates
651 1944 692 2006 ad
709 1945 810 2024 lyram
834 1949 985 2027 magistro
1002 1965 1079 2007 usus
1095 1956 1151 2007 est.
1175 1945 1291 2026 Neque
1307 1946 1448 2007 fortassis
1470 1947 1646 2008 absurdum

196 2047 287 2111 fuerit
309 2048 350 2110 ad
366 2049 447 2110 haec
462 2048 626 2124 divertere,
649 2069 733 2130 quae
749 2052 774 2112 si
790 2069 904 2128 pamm
927 2050 1097 2124 fructuosa,
1120 2069 1187 2112 non
1202 2049 1373 2112 iniucunda
1396 2062 1503 2112 tamen
1519 2053 1647 2131 cognitu

196 2163 276 2214 sunt.
300 2151 347 2216 Ut
369 2155 455 2215 enim
478 2155 582 2216 malus
605 2154 790 2217 stomachus
814 2165 846 2215 et
869 2153 994 2237 vulgata
1018 2173 1148 2235 quoque
1171 2151 1373 2237 fastidienS,*)
1403 2155 1446 2216 ita
1469 2164 1499 2216 et
1523 2158 1648 2216 animus

196 2257 393 2338 gravioribus
415 2256 574 2319 interdum
598 2257 700 2320 fessus
722 2259 841 2320 leviora
863 2278 1012 2340 quaeque
1034 2269 1067 2320 et
1088 2258 1233 2339 cupidius
1256 2258 1456 2338 amplectitur
1479 2270 1510 2321 et
1527 2259 1648 2320 firmius

197 2363 345 2437 continet,
368 2361 575 2442 redditurque
597 2365 705 2425 nescio
728 2363 897 2443 quomodo
920 2362 962 2424 ad
985 2362 1047 2424 alia
1069 2382 1199 2443 quoque
1221 2361 1440 2445 investiganda
1465 2365 1647 2442 promptior

196 2476 293 2546 atque
323 2464 462 2528 alacrior.
501 2466 599 2547 Quod
630 2470 740 2529 scribis
770 2479 895 2546 pestem
924 2467 1010 2548 apud
1034 2487 1092 2529 vos
1114 2468 1176 2530 late
1206 2470 1350 2549 grassari,
1379 2468 1514 2548 graviter
1543 2469 1648 2547 patior

197 2589 384 2650 precorque,
407 2582 442 2633 ut
458 2590 562 2650 neque
586 2574 705 2651 patriae
728 2592 834 2651 neque
857 2574 1034 2634 anticorum
1057 2591 1150 2633 amor
1172 2574 1227 2634 tibi
1244 2573 1473 2652 impedimento
1496 2572 1543 2645 sit,
1567 2591 1647 2651 quo-

197 2676 302 2735 minus
324 2674 496 2737 valctudini
518 2686 593 2737 tuae
616 2678 854 2756 quamprimum
878 2675 1033 2750 consulas,
1057 2687 1092 2738 ut
1114 2695 1174 2737 nos
1197 2695 1319 2751 omnes,
1343 2695 1425 2755 quos
1452 2676 1507 2737 tibi
1531 2679 1647 2738 meritis

197 2781 258 2841 tuis
281 2777 459 2854 devinxisti,
482 2781 596 2841 virtute
619 2791 674 2842 tua
697 2791 794 2861 atque
825 2781 1002 2865 integritate
1025 2800 1123 2860 quam
1154 2779 1330 2843 diutissime
1360 2782 1507 2843 fruamur.
1541 2780 1590 2842 De
1613 2801 1646 2842 re

197 2882 332 2944 literaria
354 2881 428 2943 nihil
452 2884 573 2945 scribo:
597 2883 674 2963 quid
698 2887 783 2945 enim
806 2884 920 2946 eadem
944 2889 1039 2948 toties
1062 2897 1203 2966 repetere
1233 2904 1362 2947 necesse
1385 2884 1450 2947 est?
1483 2884 1519 2946 ld
1542 2885 1646 2947 solum

196 3006 286 3070 roge,
309 2998 345 3048 ut
367 2984 482 3048 Suidas
504 3005 637 3068 graecus
659 2991 713 3051 tibi
737 3009 832 3051 curae
848 2992 895 3066 sit,
920 3011 1017 3071 quem
1040 2993 1230 3069 impressum
1254 3009 1324 3052 esse
1346 3001 1434 3052 certo
1452 2991 1520 3063 scis,
1543 3008 1648 3068 neque

196 3094 272 3153 satis
295 3091 398 3152 mirari
423 3111 565 3170 possum,
589 3112 686 3171 quare
702 3104 791 3154 tanto
808 3104 954 3171 ternpore
970 3104 1024 3155 tua
1048 3112 1146 3172 opera
1167 3093 1208 3156 ad
1225 3113 1276 3154 me
1291 3113 1358 3155 non
1382 3095 1508 3155 venerit.
1532 3091 1649 3156 Classis

196 3199 279 3279 regis
302 3194 485 3257 Lusitaniae
508 3196 605 3279 longo
636 3198 698 3257 iam
730 3209 875 3275 tempore
905 3200 1098 3259 exteriorem
1128 3195 1253 3259 Africae
1276 3217 1366 3260 oram
1396 3199 1648 3278 praeternavigat

196 3299 374 3381 diciturque
397 3299 439 3361 ad
462 3299 560 3361 lndos
583 3304 771 3380 pervenisse,
802 3320 906 3381 neque
929 3301 1042 3363 dubito
1074 3302 1173 3363 multa
1196 3303 1227 3363 in
1251 3321 1290 3363 eo
1315 3313 1415 3364 tractu
1446 3322 1529 3364 nova
1552 3314 1648 3381 atque

196 3406 357 3466 veteribus
386 3406 547 3486 incognita
575 3404 776 3483 deprehensa
806 3426 884 3467 esse.
919 3406 1148 3486 Quamobrem¹
1180 3410 1205 3468 si
1229 3410 1300 3487 quis
1331 3419 1459 3469 tuorum
1483 3406 1648 3468 Bononiae

196 3508 292 3571 literis
315 3518 414 3583 vacat,
439 3528 560 3587 precor,
584 3520 619 3571 ut
642 3530 704 3590 ope
729 3510 1014 3592 Portugalensium.
1042 3529 1181 3589 quorum
1212 3511 1379 3572 Bononiae
1408 3530 1526 3591 magna
1556 3513 1648 3589 copia

195 3624 254 3687 est,
277 3624 392 3688 utatur,
415 3624 447 3674 et
469 3614 494 3673 si
517 3632 600 3692 quae
624 3615 684 3674 iarn
709 3615 804 3676 literis
827 3635 866 3675 ea
889 3614 930 3675 dc
947 3635 979 3676 re
1002 3615 1172 3694 complexa
1196 3627 1278 3690 sunt,
1301 3614 1342 3675 ad
1367 3627 1397 3675 te
1420 3617 1534 3677 mittat.
1558 3614 1648 3676 Vale.

195 3716 300 3778 Datae
324 3716 585 3795 Hassensteynae
608 3717 719 3779 ultima
742 3719 910 3780 Februarii.

285 3903 387 3957 Suidae
406 3904 513 3957 lexicon
532 3920 671 3972 graecum,
691 3923 723 3958 za
741 3904 824 3972 jehoi
842 3906 946 3958 zasldni
966 3907 1106 3959 Bohuslav
1125 3906 1201 3969 ttdt,
1220 3905 1360 3974 vytistEno
1383 3905 1420 3973 jiz
1439 3924 1459 3959 r.
1481 3905 1547 3958 1499
1565 3925 1582 3959 v
1601 3906 1649 3959 Mi·

196 3992 269 4044 ldne.
289 3991 313 4042 0
332 3989 468 4058 objevech
487 3993 654 4059 Portugalcir
673 4009 765 4045 srovn.
784 3992 830 4045 list
848 3992 906 4045 120.

893 4275 962 4338 122.

489 4410 708 4484 Bohuslav
737 4409 978 4506 Augustinu
1008 4410 1358 4487 Olomouckemu.

286 4581 480 4639 lilasitlleina
497 4583 591 4650 (15⁰6)
610 4613 642 4621 -
662 4584 697 4639 12.
718 4580 825 4640 bielna.
858 4582 1004 4650 Pouiivaje
1029 4583 1242 4651 prostiednictvi
1267 4586 1395 4636 mestanit
1421 4583 1591 4651 Mostslqich,
1612 4582 1649 4650 jii

196 4668 265 4736 maji
284 4687 301 4720 v
320 4669 426 4721 Budr'ne
446 4686 480 4721 co
497 4669 610 4736 jerlnati,
624 4671 681 4738 pise
702 4676 765 4738 opit
784 4669 968 4737 Augustinovi
988 4668 996 4721 i
1016 4670 1081 4722 tratti
1102 4688 1118 4722 ο
1137 4670 1196 4738 svilj
1216 4672 1279 4739 plat.
1299 4671 1377 4723 Prosl
1396 4674 1460 4738 opet
1479 4687 1512 4722 za
1529 4670 1649 4722 lecheho

197 4757 347 4809 Plutarcha
365 4773 381 4808 a
400 4756 567 4824 doporueuje
586 4757 728 4809 zaleiitost
748 4757 909 4825 Mosrskych
950 4757 1003 4809 Sue
1022 4756 1117 4819 bisne,
1134 4757 1247 4826 jahmile
1266 4757 1358 4810 budou
1378 4757 1523 4825 piepsany‚
1543 4756 1648 4823 slibuje‚

196 4843 231 4896 ie
250 4859 297 4895 mu
316 4842 400 4896 ihned
418 4844 503 4911 posle.
521 4844 597 4911 (Luc.
623 4842 713 4911 rouo.)

287 5036 314 5102 *)
332 5034 479 5088 Pokaiena
497 5036 568 5088 veta.
