3696 5836
1603 361 1655 416 211

195 591 305 653 neque
335 590 522 652 quenquam
552 575 633 635 intra
663 582 730 635 tam
759 573 855 634 breve
885 584 1013 654 tempus
1043 573 1163 635 habere
1193 584 1311 653 posset,
1339 576 1430 638 cuius
1460 596 1523 657 ope
1554 587 1653 657 atque

196 679 379 756 patrocinio
403 678 451 739 ius
474 695 569 738 suum
592 689 851 756 persequeretur;
876 676 1096 758 confiteorque
1117 697 1169 738 me
1192 688 1356 739 auctorem
1379 677 1526 741 Thomae
1549 681 1654 755 fuisse,

197 792 235 843 ut
256 783 428 843 terminum
452 781 512 841 sibi
535 779 573 842 N.
597 791 702 860 petat;
731 780 807 841 nihil
830 792 940 843 autem
971 792 1039 843 turn
1069 791 1124 842 aut
1155 793 1324 860 peccatum
1356 801 1427 845 esse
1451 795 1505 846 aut
1530 796 1655 863 praeter

198 885 346 947 ordinem
362 885 438 946 iuris
453 895 569 957 actum,
586 902 683 945 nemo
699 882 747 945 vel
763 885 965 946 mediocriter
987 884 1097 946 talium
1121 903 1226 947 rerum
1242 888 1362 965 peritus
1378 885 1512 968 ignorat.
1537 887 1655 968 ltaque,

197 992 224 1051 si
251 987 318 1050 fieri
348 997 466 1067 potest,
493 999 583 1068 pater
609 987 797 1063 Venceslae,
827 991 924 1050 etiam
954 1001 1050 1069 atque
1081 991 1177 1051 etiam
1207 1007 1296 1070 rogo,
1316 973 1355 1052 'ut
1385 990 1572 1053 huiusmodi
1599 1011 1655 1053 ex-

198 1094 419 1155 cusationibus
450 1093 575 1153 omissis
604 1092 748 1171 partibus
778 1092 863 1155 diem
896 1096 1135 1172 quamprimum
1166 1092 1208 1154 ad
1238 1094 1491 1172 comparendum
1522 1106 1653 1171 statuas,

198 1196 318 1258 deinde
334 1215 394 1276 pro
410 1195 579 1275 prudentia
599 1206 653 1258 tua
676 1198 842 1277 negotium
865 1197 921 1257 tibi
944 1200 1152 1259 commissum
1168 1200 1220 1272 ita,
1238 1208 1273 1259 ut
1296 1200 1345 1260 ius
1366 1198 1477 1278 fasque
1500 1211 1654 1278 expostu-

198 1299 249 1375 lat,
272 1302 444 1381 exequaris
465 1318 571 1378 neque
601 1310 695 1379 putes
725 1319 855 1362 causam
879 1300 1111 1384 negligendam.
1150 1301 1225 1364 Non
1249 1303 1334 1362 enim
1361 1301 1402 1362 de
1426 1303 1528 1364 rubeo
1552 1305 1654 1366 bireto

199 1407 309 1486 agitur,
333 1403 390 1465 sed
420 1403 461 1464 de
490 1405 604 1478 anima,
635 1422 735 1483 quam
757 1402 917 1465 Dominus
946 1405 1084 1467 salvator
1115 1426 1175 1467 suo
1204 1407 1360 1487 sanguine
1389 1404 1532 1469 redemit.
1570 1405 1605 1467 ld
1629 1409 1653 1469 si

199 1510 419 1588 impetravem,
443 1519 474 1568 et
498 1519 532 1570 tu
557 1507 661 1570 officio
694 1519 750 1570 tuo
779 1509 905 1570 iunctus
936 1508 1038 1583 fueris,
1062 1521 1094 1572 et
1116 1528 1179 1591 ego
1202 1528 1254 1570 me
1278 1528 1432 1591 magnum
1463 1510 1654 1573 beneficium

202 1613 258 1676 abs
281 1624 313 1674 te
337 1615 498 1690 accepisse
514 1611 673 1674 iudicabo.
699 1611 789 1673 Vale.
811 1612 864 1673 Ex
888 1612 1110 1692 Hassensteyn
1135 1615 1183 1677 19.
1207 1613 1291 1676 Maii.

286 1779 339 1834 Viz
357 1782 514 1849 poznimku
533 1781 549 1834 k
567 1780 632 1834 listu
650 1781 834 1849 pledeslemu.

896 2063 965 2127 189.

391 2201 611 2275 Bohuslav
633 2199 786 2295 Janovi
814 2200 1057 2274 kanovnlku
1086 2199 1462 2274 Vratislavskemu.

285 2370 449 2438 Oznamuje,
468 2371 499 2424 ie
522 2388 539 2424 ο
563 2370 715 2425 zilelitosti
737 2370 804 2438 jeho
822 2371 999 2439 nugspurske
1024 2370 1121 2439 dopsal
1139 2370 1351 2435 Adelmnnmvi,
1372 2371 1379 2423 i
1399 2368 1491 2424 nabizi
1518 2371 1653 2439 platelslre

204 2457 297 2527 slulby
315 2458 364 2511 sve
383 2458 462 2511 dalei.
480 2459 569 2525 (Nova
588 2457 668 2528 epist.
687 2475 748 2527 app.
768 2457 819 2526 10.)

282 2634 397 2716 Joanni
428 2638 582 2696 canonico
607 2634 857 2697 Wratislaviensi
879 2654 903 2694 s.
927 2634 956 2696 d.
991 2633 1108 2716 Scripsi
1139 2634 1187 2696 his
1218 2633 1333 2695 diebus
1363 2633 1404 2695 ad
1431 2632 1652 2696 Bernhardum

199 2758 307 2802 meum
330 2738 578 2813 Adelmannum‚
601 2759 684 2819 quae
707 2742 746 2801 sit
769 2751 824 2802 tua
847 2758 939 2801 mens
961 2741 994 2800 in
1017 2740 1148 2821 negotio
1172 2738 1372 2821 Augustano.
1400 2738 1434 2799 ld
1458 2739 1515 2801 tibi
1538 2748 1652 2800 notum

199 2842 300 2905 facere
323 2843 416 2913 volui,
440 2855 474 2905 ut
497 2844 595 2905 rebus
617 2848 679 2905 tuis
703 2842 750 2926 (ut
773 2840 847 2924 scis)
871 2843 1027 2905 consulas.
1061 2842 1094 2907 Si
1118 2843 1195 2922 quid
1218 2852 1327 2906 autem
1354 2845 1385 2904 in
1408 2862 1462 2904 me
1483 2853 1541 2917 est,
1563 2841 1653 2923 quod

199 2948 256 3008 tibi
278 2949 347 3010 usui
378 2967 449 3010 esse
480 2959 598 3026 posset,
621 2949 760 3008 invenies
790 2967 842 3009 me
866 2950 980 3009 veteris
1010 2957 1085 3009 tuae
1112 2947 1330 3009 familiaritatis
1360 2957 1392 3009 et
1419 2949 1450 3007 in
1482 2965 1533 3008 me
1557 2947 1654 3007 bene-

197 3051 357 3113 volentiae
381 3052 511 3113 minime
535 3053 766 3114 immemorem.

286 3238 339 3291 Ani
357 3240 500 3292 adressata
518 3238 565 3292 ani
583 3238 645 3291 veci
661 3238 727 3306 jeho
746 3239 923 3309 Augipurslre
943 3239 1087 3292 neznrlme.

894 3538 963 3600 190.

718 3674 938 3749 Bohuslav
965 3674 1129 3768 Janovi.

285 3845 436 3915 Vyslovuje
450 3846 555 3900 mlndnl
573 3846 622 3899 sve
641 3863 658 3898 0
677 3846 786 3914 rimyslu
802 3845 876 3913 jeho,
890 3846 921 3900 ie
940 3845 1050 3912 vstoupi
1064 3863 1081 3896 v
1093 3854 1154 3898 stav
1173 3845 1303 3914 lineium,
1317 3833 1443 3898 koneltne
1462 3840 1556 3898 take'o
1570 3850 1652 3897 stavu

138 3942 144 3948 ·
202 3933 395 3987 manlelalrem.
414 3934 493 4001 (Luc.
511 3933 554 3997 56,
573 3933 724 4002 Vinaliclqi
742 3933 796 4002 28.)

280 4109 419 4191 Johanni
441 4130 501 4172 suo
524 4131 549 4172 s.
567 4131 596 4191 p.
613 4111 642 4172 d.
666 4111 908 4192 Saepenumero
932 4110 1038 4174 audivi
1059 4123 1091 4173 te
1115 4111 1227 4171 initiari
1249 4109 1338 4171 velle.
1364 4109 1398 4171 ld
1422 4128 1484 4192 ego
1508 4112 1538 4170 in
1562 4128 1652 4189 prae·

199 4215 297 4275 sentia
319 4232 425 4293 neque
448 4215 648 4293 reprehendo
672 4234 778 4294 neque
809 4217 921 4294 probo,
945 4217 1097 4296 quoniam
1128 4215 1198 4276 laus
1221 4224 1253 4275 et
1276 4216 1464 4292 vituperatio
1491 4214 1585 4275 huius
1608 4215 1652 4273 rei

197 4336 238 4378 ex
261 4329 377 4379 eventu
401 4320 542 4379 maxime
564 4319 694 4398 pendet.
732 4318 765 4382 Si
788 4322 873 4381 enirn
896 4330 990 4394 caste,
1014 4321 1040 4379 si
1063 4321 1123 4397 pie,
1147 4319 1173 4381 si
1195 4318 1342 4400 religiose
1365 4318 1491 4389 vixeris,
1514 4319 1539 4379 si
1563 4315 1651 4377 deni-

197 4440 259 4501 que
283 4421 393 4483 omnia
415 4424 521 4484 virtuti
543 4426 779 4506 integritatique
801 4426 1031 4504 postposueris,
1047 4422 1170 4502 putabo
1193 4432 1224 4484 te
1248 4421 1380 4503 dignum
1403 4419 1571 4483 sacerdotii
1595 4440 1652 4481 no·

196 4529 281 4588 mine
304 4537 337 4587 et
355 4526 494 4602 honore;
518 4528 565 4588 sin
588 4538 696 4589 autern
720 4530 867 4589 avaritiae
890 4527 1075 4606 libidinique
1099 4527 1247 4600 servieris
1264 4525 1392 4587 mallem
1412 4534 1443 4586 te
1459 4526 1490 4585 in
1506 4524 1652 4586 solutiori

196 4629 332 4692 hierita
355 4649 494 4705 manere,
518 4651 601 4710 quae
624 4634 822 4694 severitatem
848 4634 977 4693 minime
1000 4651 1077 4711 prae
1100 4650 1134 4693 se
1158 4631 1224 4705 lert,
1248 4641 1280 4691 et
1303 4633 1335 4692 in
1358 4650 1423 4710 qua
1446 4632 1472 4691 si
1495 4629 1573 4709 quid
1596 4629 1651 4692 de-

195 4733 353 4816 linquitur,
376 4744 409 4796 et
431 4734 613 4804 humanum
638 4748 669 4797 et
692 4739 782 4796 venia
812 4735 945 4817 dignum
975 4735 1141 4798 iudicatur.
1176 4733 1292 4796 Honor
1322 4734 1454 4815 quidem
1483 4732 1651 4795 sacerdotii

197 4856 332 4921 magnus
347 4850 397 4901 est
410 4849 443 4901 et
458 4841 584 4919 optimo
607 4842 722 4919 cuique
745 4840 962 4918 expetendus:
987 4860 1005 4899 a
1028 4859 1096 4919 quo
1119 4851 1227 4901 tamen
1245 4838 1372 4901 lllarcus
1395 4837 1588 4920 evangelista
1608 4839 1651 4900 ita

196 4941 368 5017 abhorruit,
391 4953 426 5005 ut
449 4942 596 5022 pollicem
620 4945 678 5005 sibi
702 4944 745 5004 ob
769 4943 800 5004 id
824 4946 1042 5023 amputaverit.
1067 4942 1161 5006 Nunc
1184 4955 1291 5007 autem
1315 4954 1431 5023 sponte
1454 4961 1515 5003 nos
1538 4944 1651 5025 ingeri·

196 5065 275 5121 mus,
298 5056 331 5108 et
354 5047 515 5110 interdurn
538 5044 641 5132 (quod
672 5050 768 5108 etiam
797 5048 882 5109 dictu
914 5048 1044 5109 foedum
1068 5045 1127 5129 est)
1151 5068 1235 5127 quae
1258 5050 1372 5110 virtute
1404 5048 1558 5126 consequi
1581 5065 1648 5108 non

195 5169 376 5231 possumus,
407 5155 513 5231 precio
543 5151 755 5234 aggredimur.
794 5149 992 5234 Contingunt
1022 5155 1089 5226 ista,
1120 5163 1151 5214 et
1184 5152 1264 5213 haec
1294 5171 1347 5213 me
1376 5172 1442 5214 non
1468 5150 1594 5233 fingere,
1618 5159 1649 5210 et

198 5253 276 5316 deus
299 5264 332 5315 ct
354 5254 500 5319 homines
530 5267 629 5319 testes
658 5266 741 5318 sunt.
777 5254 822 5317 lta
851 5256 893 5328 lit,
916 5267 951 5317 ut
979 5256 1121 5336 dignitas,
1146 5275 1242 5334 quam
1275 5256 1411 5337 gradum
1443 5254 1484 5315 ad
1512 5255 1647 5315 salutem

1443 5389 1493 5443 14*
