3660 5850
894 631 943 694 72.

612 769 833 842 Bohuslav
855 769 964 863 Janu
993 747 1221 844 §lechtovi

275 940 296 995 Ζ
316 939 401 1012 Ptalty
420 940 513 1008 (1500)
528 969 558 979 -
573 942 609 996 15.
629 939 769 998 dervanus.
798 941 937 1010 Upomtna
960 959 977 994 o
1000 941 1094 1010 lrnihy,
1119 941 1193 994 lrtere
1219 958 1266 994 mu
1289 940 1361 994 slibil
1386 941 1495 1009 opatliti
1515 927 1636 995 Slechta.

150 1091 153 1097 Ι
188 1027 213 1079 Ο
226 1027 317 1095 ptijett
335 1028 418 1080 mlsta
435 1027 476 1096 pli
495 1029 580 1081 dvole
599 1026 631 1080 ie
650 1035 729 1097 teprv
741 1045 771 1081 se
789 1028 861 1082 bude
881 1036 935 1081 sto
954 1028 1092 1098 vysloviti,
1107 1029 1138 1081 al
1153 1028 1238 1097 uslysl
1256 1028 1416 1097 podmlnlry.
1436 1029 1639 1082 Ovitezstvlch

187 1113 409 1182 francouzsky‘ch
422 1132 439 1167 v
452 1114 523 1168 ltalii
535 1132 551 1168 a
564 1132 581 1168 o
594 1114 734 1168 obtlinem
753 1124 834 1170 stavu
852 1115 995 1185 republilry
1014 1116 1152 1168 Benatslre
1174 1114 1281 1183 naproti
1300 1116 1432 1169 Turldlm.
1450 1116 1540 1184 (Nova
1561 1115 1641 1185 epist.

188 1215 250 1268 arv·
274 1200 327 1268 21.)

273 1360 389 1443 Joanni
411 1359 574 1424 Sslechtae
597 1383 619 1423 s
644 1363 672 1424 d.
697 1363 833 1426 Erexisti
857 1385 917 1439 me,
943 1363 1089 1427 Sslechta
1112 1364 1306 1437 suavissime,
1337 1364 1368 1423 in
1392 1382 1482 1441 spem
1506 1362 1643 1424 nonnul·

187 1466 294 1527 lorum
316 1464 529 1528 voluminum:
561 1487 599 1528 ea
622 1489 641 1528 a
664 1480 695 1530 te
717 1468 872 1531 hactenus
895 1469 1010 1531 frustra
1033 1471 1216 1550 expectavi;
1248 1486 1352 1548 neque
1383 1478 1493 1529 tamen
1522 1467 1555 1529 id
1584 1468 1641 1529 tibi

187 1570 293 1632 tribuo
317 1570 374 1632 sed
398 1573 662 1650 occupationibus
691 1574 760 1647 tuis,
789 1575 905 1652 quibus
936 1573 1015 1634 dum
1045 1572 1214 1652 implicitus
1241 1591 1284 1645 es,
1315 1570 1356 1632 ad
1387 1573 1540 1632 nostratia
1562 1571 1642 1633 haec

187 1694 315 1754 semper
336 1675 496 1747 declinare
520 1679 572 1737 vix
595 1676 730 1739 fortasse
752 1690 853 1756 potes
881 1674 997 1758 Neque
1019 1679 1115 1738 etiam
1139 1694 1278 1757 aequum
1302 1684 1387 1737 esset
1409 1684 1441 1735 te
1463 1694 1482 1735 a
1506 1678 1642 1757 negotiis

187 1777 381 1858 reipublicae
410 1779 526 1842 abduci
550 1793 582 1842 et
605 1781 758 1842 literariae
788 1800 880 1842 meae
911 1780 1064 1861 voluptati
1088 1800 1210 1842 morem
1233 1799 1351 1862 gerere.
1390 1778 1558 1842 Caeterum
1581 1782 1641 1843 nisi

187 1883 362 1962 aliquando
385 1886 581 1962 provinciam
605 1905 670 1947 non
693 1897 759 1948 tam
784 1907 802 1946 a
826 1904 878 1945 me
902 1887 1076 1947 iniunctam
1099 1904 1198 1967 quam
1221 1906 1240 1945 a
1263 1897 1294 1947 te
1316 1895 1433 1963 sponte
1456 1895 1640 1965 susceptam

187 1985 353 2069 diligenter
376 1989 519 2062 obiveris,
542 1992 665 2069 putabo
685 1990 842 2070 Joannem
866 1987 1044 2052 Sslechtam
1068 1991 1204 2068 priscam
1227 2008 1301 2070 erga
1325 1988 1522 2050 Bohuslaum
1544 1989 1641 2051 bene-

187 2091 360 2153 volentiam
383 2096 511 2154 exuisse
534 2106 587 2156 aut
611 2094 725 2156 saltem
748 2096 905 2155 remisisse
947 2091 1040 2172 Quae
1063 2092 1105 2154 ad
1128 2112 1180 2154 me
1203 2112 1260 2172 per
1285 2093 1459 2155 Henricum
1482 2095 1640 2173 scripsisti,

187 2215 225 2256 ea
248 2195 432 2258 huiusmodi
454 2208 537 2269 sunt,
568 2207 603 2258 ut
626 2209 693 2259 tum
717 2199 774 2260 tibi
797 2197 992 2278 respondere
1015 2200 1144 2277 possim,
1168 2217 1268 2277 quum
1291 2196 1500 2272 conditiones,
1523 2199 1641 2279 quibus

187 2302 216 2361 in
239 2319 409 2362 numerum
434 2299 608 2362 aulicorum
632 2301 864 2364 adscribendus
886 2304 955 2376 sim,
978 2301 1181 2364 intellexero:
1204 2301 1302 2363 audio
1325 2304 1410 2363 enim
1432 2303 1540 2363 nescio
1556 2323 1641 2384 quos

187 2403 399 2478 rumusculos,
429 2415 460 2466 et
483 2416 538 2467 tua
561 2403 796 2487 Augustinique
819 2406 949 2468 consilia
972 2407 1138 2468 evanuisse
1161 2407 1225 2466 sere
1248 2417 1353 2468 certus
1376 2425 1464 2467 sum:
1487 2406 1573 2468 unde
1596 2405 1639 2480 fit,

188 2519 221 2570 ut
242 2511 276 2570 in
299 2511 479 2588 praesentia
502 2509 717 2583 subdubitem‚
741 2509 818 2591 quid
841 2512 1041 2590 potissimum
1065 2529 1083 2570 e
1105 2530 1139 2571 re
1162 2530 1234 2571 mea
1257 2513 1304 2573 sit.
1338 2509 1509 2572 Tumultus
1533 2510 1640 2572 ltaliae

187 2621 217 2672 et
241 2613 424 2675 Insubrium
446 2613 555 2675 clades
578 2612 664 2694 apud
686 2635 745 2676 vos
768 2613 913 2696 vulgatas
936 2615 1085 2676 arbitror:
1116 2633 1178 2697 ego
1201 2623 1285 2676 certe
1311 2614 1359 2676 his
1382 2616 1424 2677 ita
1445 2614 1574 2689 allicior,
1604 2625 1640 2677 ut

187 2715 235 2777 vel
258 2735 326 2778 uno
349 2716 411 2778 hoc
434 2718 587 2797 exemplo
617 2717 753 2780 edoctus
783 2718 858 2780 mihi
882 2718 998 2792 videar,
1030 2729 1186 2798 quantum
1216 2729 1359 2799 terrenae
1382 2718 1519 2781 felicitati
1542 2718 1640 2781 confi-

187 2819 331 2882 dendum
353 2823 401 2883 sit.
439 2820 555 2901 Neque
577 2833 685 2883 tamen
709 2821 821 2885 Gallus
843 2825 1002 2902 praesenti
1029 2822 1155 2884 fortuna
1178 2835 1349 2886 contentus
1376 2834 1431 2898 est,
1455 2823 1513 2885 sed
1536 2822 1641 2885 Flam-

188 2927 312 2999 miniae,
334 2924 500 2999 Aemiliae,
532 2930 608 3006 quin
631 2927 696 2988 imo
719 2946 802 3006 pene
830 2929 889 2989 toti
918 2926 1026 2989 ltaliae
1053 2928 1204 3001 imminet,
1235 2947 1408 3010 regemque
1429 2926 1568 3008 Apuliae
1591 2947 1640 3003 e0,

187 3041 221 3091 ut
243 3028 330 3090 sama
352 3041 410 3104 est,
432 3031 562 3113 redegit,
584 3042 620 3093 ut
642 3033 798 3093 tributum
820 3030 948 3111 pendat.
972 3030 1088 3092 Veneti
1112 3035 1169 3093 etsi
1193 3034 1360 3111 imperium
1380 3051 1474 3095 suum
1490 3035 1641 3095 maximis

186 3133 342 3195 classibus
364 3135 622 3215 exercitibusque
649 3136 857 3209 muniverunt,
887 3137 942 3196 vix
965 3146 1073 3196 tamen
1096 3134 1273 3197 Turcarum
1295 3135 1376 3198 vires
1399 3136 1559 3199 toleraturi
1583 3156 1640 3218 pu-

185 3248 301 3312 tantur,
332 3240 390 3301 nisi
413 3241 512 3300 nostri
536 3258 668 3320 quoque
690 3258 781 3322 reges
808 3242 1065 3319 potentissimum
1095 3239 1222 3302 hostem
1252 3239 1337 3302 bello
1360 3241 1583 3321 implicuerint:
1608 3253 1640 3304 et

185 3339 282 3404 Creta
304 3339 495 3422 Cyprusque
526 3345 557 3405 in
587 3355 685 3418 tanto,
713 3356 836 3425 quanto
867 3363 1034 3424 uunquam
1064 3356 1166 3418 antea,
1194 3344 1334 3424 periculo
1366 3356 1448 3407 sunt
1486 3345 1577 3421 Vale,
1608 3357 1639 3407 et

185 3446 413 3529 Augustinum,
430 3447 614 3530 Georgium,
638 3448 816 3522 Nicolaum,
839 3449 905 3510 imo
921 3458 1023 3510 totam
1039 3460 1127 3510 tuam
1143 3449 1279 3511 domum
1294 3449 1414 3512 salvere
1429 3451 1511 3512 iube.
1535 3449 1639 3512 Datae

187 3552 307 3634 Pragae
332 3552 380 3615 15.
402 3551 480 3632 Julii.

273 3723 396 3777 Portilia
408 3723 583 3793 Milanslrych
595 3724 677 3778 udala
692 3743 771 3794 sepo
786 3724 847 3794 jaru
862 3721 937 3789 1500,
950 3741 967 3778 a
979 3724 1086 3778 vevoda
1098 3724 1207 3777 Ludvlk
1220 3723 1316 3777 Slorza
1331 3723 1403 3791 zajat
1416 3724 1450 3776 od
1464 3725 1636 3777 Franeouzu.

185 3810 279 3865 odtud
299 3811 421 3864 vrolenl.
441 3813 465 3865 Ο
484 3812 697 3881 pozdraveny'ch
718 3830 754 3865 na
772 3812 854 3866 konci
874 3830 966 3866 srovn.
984 3812 1141 3882 poznamku
1159 3812 1176 3864 k
1195 3811 1258 3864 listu
1278 3810 1320 3865 68.

891 4096 939 4160 13.

565 4233 785 4307 Bohuslav
806 4232 1039 4329 Jeronymu
1068 4231 1260 4306 Balbovi.

276 4406 341 4461 1500
356 4435 386 4445 -
400 4405 445 4461 30.
458 4404 524 4460 tull.
544 4405 616 4468 Plse,
629 4404 683 4472 aby
696 4421 743 4456 mu
761 4405 848 4472 poslal
868 4403 918 4455 bez
937 4402 1057 4470 ostychu
1070 4402 1127 4471 spis
1139 4401 1273 4470 basniclry'
1287 4419 1323 4454 na
1335 4408 1419 4470 poctu
1435 4400 1502 4468 jeho
1514 4400 1637 4469 sloieny,

185 4492 330 4561 ponevadi
349 4492 416 4561 nynl
435 4493 470 4545 do
490 4493 580 4560 Prahy
599 4491 684 4560 prijtti
703 4492 828 4545 nemuie.
848 4491 927 4557 (Luc.
947 4489 999 4557 70.)

276 4669 478 4747 Hieronymo
502 4668 603 4730 Balbo
626 4688 648 4728 s.
673 4687 703 4747 p.
727 4667 758 4732 d.
781 4667 854 4728 Ain‘
870 4667 1010 4741 tandem,
1034 4665 1142 4737 Balbe,
1166 4665 1302 4726 finivisse
1319 4675 1351 4726 te
1367 4663 1514 4738 libellum,
1539 4683 1636 4745 quem

186 4775 329 4853 auspicio
352 4785 463 4836 nostro
487 4772 701 4846 inchoaveras,
725 4791 830 4851 neque
852 4770 1044 4832 absolvisse?
1067 4769 1221 4851 Agnosco
1237 4769 1379 4848 prolecto
1396 4779 1637 4828 acumentunm

187 4890 217 4939 et
240 4880 405 4959 ingenium
434 4877 562 4939 artificis
592 4876 698 4938 laudo.
737 4875 821 4937 Nam
851 4885 883 4937 et
905 4872 1036 4955 Apelles
1059 4874 1304 4952 Polycletusquc
1326 4876 1369 4934 ita
1392 4891 1450 4934 sua
1472 4891 1571 4951 opera
1594 4875 1639 4932 in·

186 4983 369 5043 scribebant
385 4979 462 5064 (non
478 4982 583 5043 minus
598 4981 732 5043 sortasse
747 4993 840 5042 caute
856 4998 953 5058 quam
969 4974 1117 5060 feliciter),
1133 4997 1239 5056 neque
1255 4975 1372 5038 idcirco
1388 4975 1475 5054 apud
1491 4989 1638 5054 posteros

187 5106 244 5148 sua
267 5084 363 5147 laude
386 5085 525 5148 frustrati
547 5095 629 5147 sunt.
653 5082 738 5146 Cave
761 5095 878 5157 autem,
901 5101 942 5144 ne
964 5083 1021 5144 tibi
1043 5083 1175 5157 eveniat,
1198 5080 1286 5161 quod
1310 5080 1437 5142 cuidam
1460 5099 1502 5141 ex
1525 5100 1562 5141 ea
1585 5099 1638 5140 co-

187 5189 287 5265 horte,
303 5192 359 5270 qui
374 5208 393 5251 e
409 5190 518 5252 tabula
533 5208 665 5251 manum
688 5188 799 5251 tollere
822 5187 992 5249 nesciebat.
1013 5185 1083 5267 Ego
1099 5185 1231 5266 quidem
1251 5205 1316 5247 non
1332 5205 1452 5260 vereor,
1469 5203 1509 5245 ne
1525 5203 1638 5264 pamm

186 5295 361 5369 elaborata,
386 5305 470 5356 tersa
493 5295 666 5375 limataque
689 5296 758 5364 sint,
776 5313 859 5373 quae
882 5291 1018 5353 Balbum
1042 5303 1206 5352 auctorem
1228 5290 1418 5351 lrabuemnt.
1442 5289 1525 5351 Nam
1549 5288 1638 5368 quod
